2717 4767
611 209 618 226 ’
733 183 995 306 υἷ’Βι.
1044 224 1104 281 1.
1204 198 1485 324 Eme.
1536 221 1663 288 13..
2133 211 2294 316 79*

330 373 441 479 23.
482 395 618 462 Nec
638 391 752 459 tibi
780 391 1014 465 celandi
1028 390 1172 477 spes
1180 351 1266 478 fit
1284 411 1534 475 peccare
1561 393 1844 477 paranti.
1891 391 2000 482 Est
2028 394 2225 476 Deus,
2348 447 2352 458 .

67 493 74 500 ·
154 482 418 552 occultos-
441 483 548 566 qni
568 490 742 546 vetat
772 478 878 565 effi
906 476 1124 560 dolos]
1169 481 1345 543 Prior
1385 480 1598 544 versus
1641 490 1771 545 tam
1805 479 2251 550 inconcinnus

152 568 261 643 est,
312 581 382 632 vt
406 572 517 633 vix
542 565 780 632 Tibulli
815 564 940 628 esse
976 568 1451 641 contenderem,
1493 564 1605 630 nifi
1629 578 1871 648 gratam
1895 567 2056 634 hanc
2083 572 2237 635 eius*

151 668 218 715 et
255 653 379 716 isto
425 653 708 716 molliori
748 653 1038 717 carminis
1080 671 1318 733 genere
1358 653 1613 733 dignam
1649 652 2223 738 negligentiamxex

151 739 295 804 aliis
325 740 490 801 locis
517 738 663 801 satis
689 740 1011 819 cognitam
1036 736 1352 813 haberem,
1401 749 1468 799 et
1496 736 1562 801 in
1588 737 1748 812 aliis,
1792 738 1987 801 etiam
2013 741 2222 805 multo

150 825 706 906 diligentioribuS‚
767 824 1079 887 eiusmodi
1133 822 1474 906 rhythmos
1536 823 2090 906 deprehenderem.
2159 845 2226 891 v.
2334 859 2341 884 κ

150 906 445 992 Propert.
470 907 521 986 Ι,
566 927 661 987 17,
699 924 754 990 5.
798 907 852 985 I,
894 925 999 985 203
1032 907 1118 983 3.'
1166 905 1355 972 Ouid.
1388 905 1469 982 ΙΙ,
1516 906 1668 971 Met.
1705 913 1851 991 398.
1890 905 2017 987 'V1,
2058 911 2223 977 Fast.

154 1010 301 1075 553.
367 993 596 1079 Virgil.
623 996 743 1072 IX,
780 988 944 1059 A'en.
977 991 1125 1076 634.
1169 1006 1236 1059 et
1266 995 1429 1059 Aen.
1455 992 1540 1082 X,
1574 1008 1718 1076 554.
1759 995 1867 1078 qui
1902 996 2117 1060 nostro
2154 996 2227 1065 fi·
2257 1051 2263 1059 .
2328 1061 2333 1066 ,

148 1082 495 1144 millimus:

419 1165 572 1230 Tum
609 1173 788 1248 caput
818 1165 1059 1242 orantis
1088 1147 1483 1250 nequicqieam
1515 1171 1575 1228 et
1610 1162 1805 1229 multa
1818 1168 2135 1248 parantis,
2224 1227 2233 1236 .

149 1247 487 1333 Leguntur
516 1263 732 1318 autem
772 1252 839 1315 hi
873 1251 1087 1316 versus
1132 1254 1223 1314 ita
1249 1262 1317 1314 vt
1347 1248 1557 1315 excusi
1584 1250 1722 1316 sunt
1742 1296 1761 1328 ‚
1807 1271 1886 1314 ex
1911 1252 2224 1336 Scaliger-i

151 1338 626 1415 emendatione,
667 1337 735 1401 in
761 1338 1024 1421 qua=ille
1044 1336 1151 1400 fibi
1180 1338 1517 1424 admodum
1547 1337 1847 1420 placebat.
1931 1338 1983 1400 F
1984 1343 2221 1406 undum

148 1422 421 1487 habebat
445 1423 837 1507 eclogarium
865 1422 974 1486 seu
1005 1435 1303 1505 excerpta
1334 1425 1372 1485 ‘e
1396 1421 1656 1488 Tibullo
1686 1424 1861 1500 loca,
1905 1443 2065 1507 quae
2091 1445 2221 1490 rna-

151 1526 320 1591 gnae
350 1508 679 1573 vetustatis
721 1510 926 1573 aiebat
951 1508 1096 1573 efl‘e.
1158 1507 1394 1588 celandi
1428 1510 1622 1571 etiam
1654 1509 1722 1571 in
1747 1508 2037 1575 Palatinis
2062 1512 2223 1596 legi..

151 1604 291 1681 tur-3
332 1593 444 1657 sed
474 1591 612 1678 spes
636 1594 719 1677 fit
753 1596 820 1658 in
863 1594 1001 1656 solo
1029 1594 1257 1677 scalig.
1302 1595 1382 1678 est
1409 1590 1555 1657 deus
1583 1595 1776 1658 etiam
1805 1595 1872 1657 in
1896 1594 2220 1674 Statianis.

153 1677 382 1760 Vulgo
429 1681 497 1742 in
537 1680 709 1744 libris
749 1690 815 1743 et
857 1682 997 1744 edd.
1041 1683 1233 1744 etiam
1263 1679 1488 1743 nostris
1520 1679 1880 1763 legebatur:
1933 1681 2066 1746 Nec
2101 1684 2221 1747 tibi

155 1765 379 1828 celanti
392 1759 606 1850 fassit
628 1784 914 1846 peccare.-
961 1767 1225 1847 paranti
1249 1763 1352 1828 Sit
1382 1765 1557 1830 Deus
1573 1807 1593 1844 ‚
1645 1766 1899 1829 occultos
1926 1769 2033 1850 qui
2054 1776 2219 1834 vetet
2340 1791 2347 1794 “

150 1847 261 1936 effe
285 1845 476 1913 dolo&
559 1850 688 1915 Nili
713 1854 884 1935 quod
914 1861 1085 1916 vetat
1109 1851 1435 1934 legebatur
1462 1871 1664 1935 vsque
1693 1853 1768 1914 ad
1782 1852 2075 1918 Aldinam
2086 1854 2227 1929 sec.

151 1938 367 2000 minus
394 1934 583 2014 scite;
618 1937 761 2000 nam
787 1938 1087 2004 sermonis
1114 1941 1277 2002 ratio
1303 1937 1613 2021 postulat:
1655 1937 1762 2021 Est
1788 1936 1954 2016 deus,
1981 1941 2089 2024 qui
2116 1961 2235 2005 ve-.

153 2030 260 2086 tet.
349 2020 484 2086 Iam
511 2020 557 2085 fi
579 2043 661 2085 ex
706 2024 937 2087 criticis
969 2025 1320 2106 praeceptis
1366 2024 1682 2088 arbitrium
1716 2022 1882 2087 feras
1903 2071 1923 2101 ,
1964 2029 2222 2110 antiqua

152 2109 268 2172 illa
292 2105 514 2184 lertio,
559 2097 855 2192 tanquam
888 2107 1206 2192 difficilior
1228 2103 1296 2172 et
1319 2109 1594 2191 plurium
1616 2110 1959 2186 librorum,
2002 2115 2222 2178 verior
2343 2151 2346 2158 ·

154 2195 295 2258 erit.
379 2194 471 2256 At
494 2193 734 2258 sensum
758 2197 1167 2258 commodum
1193 2214 1324 2258 non
1347 2194 1538 2258 habet
1560 2194 1596 2259 ἓ
1682 2194 1870 2257 Enim
1897 2216 2050 2260 vero
2066 2191 2088 2276 J
2129 2195 2221 2263 fic

154 2279 341 2355 satis;
385 2281 615 2356 modu,
663 2280 794 2343 Nec
819 2279 940 2362 fas
976 2279 1065 2365 fit
1100 2280 1163 2345 h.
1193 2281 1236 2345 l.
1282 2290 1500 2348 teneas
1535 2278 1696 2354 efl‘e,
1736 2298 1838 2341 nec
1864 2279 2069 2360 liceat,
2113 2291 2239 2348 nec‘

146 2364 345 2451 poffi5‚
383 2375 460 2427 vt·
479 2367 545 2430 in
576 2367 693 2430 illo
720 2365 967 2430 Horatii
994 2366 1103 2434 IV.
1137 2366 1256 2432 od.
1287 2382 1350 2445 4.
1397 2365 1529 2429 Nec
1551 2362 1712 2449 scire
1736 2361 1854 2446 fas
1879 2366 1957 2450 est
1992 2371 2220 2440 omnia.

153 2453 239 2516 cf.
277 2450 489 2516 Burm.
532 2452 715 2517 Ouid.
742 2451 826 2529 ΙΙ,
870 2453 1019 2517 Met.
1052 2469 1155 2533 57.
1266 2451 1610 2534 Eleganter
1647 2469 1901 2534 quoque
1943 2453 2221 2521 dietum:

51 2539 54 2562 *
151 2525 378 2602 celanti
402 2532 521 2618 fas
533 2536 617 2619 fit
631 2556 913 2619 peccare,
955 2559 1073 2622 pro
1093 2584 1113 2615 ,
1150 2554 1398 2620 peccare
1425 2535 1710 2601 celantem
1728 2582 1749 2614 ‚
1794 2538 1882 2610 ita
1921 2548 1991 2603 vt
2033 2541 2239 2606 celet.-

151 2623 243 2688 Et
271 2635 413 2686 tum
450 2621 655 2687 sensus
697 2622 804 2688 fit:
845 2623 986 2688 Nec
1026 2633 1213 2708 puta,
1259 2634 1326 2688 te
1372 2624 1507 2690 vllo
1544 2622 1740 2686 modo
1788 2624 1953 2687 clam
1995 2626 2218 2690 fallere

152 2705 364 2794 poffe:
419 2705 464 2770 fi
494 2710 599 2773 vel
645 2719 890 2787 tentes,
939 2720 1010 2775 at
1051 2711 1174 2773 erit
1217 2709 1425 2787 DeuS,
1480 2710 1587 2794 qui
1626 2708 1910 2772 fraudem
1944 2721 2224 2794 retegat.

148 2796 293 2862 Hac
325 2805 544 2857 vetere
591 2795 867 2861 lettione
893 2797 1163 2862 'tollitur
1201 2806 1455 2880 quoqne
1507 2815 1732 2877 magna
1780 2815 1923 2879 pars
1968 2797 2219 2865 molesti
2337 2854 2343 2866 .

148 2882 406 2948 numeri
430 2901 512 2943 ex
544 2881 669 2944 hoc
698 2885 1005 2959 carmine,
1068 2884 1263 2946 modo
1293 2882 1447 2946 scite
1486 2881 1884 2966 pronuntieS.

329 2985 436 3063 25..
477 2964 611 3050 Ipse
643 2965 814 3034 Deus
845 2969 1034 3032 tacito
1071 2966 1341 3051 permisit
1391 2967 1529 3032 lena
1564 2966 1833 3048 ministro
1873 2965 2107 3031 Ederet
2148 2974 2223 3032 vt
2347 3016 2357 3026 .

146 3053 343 3120 multo
374 3049 569 3117 ubera
602 3055 793 3118 verba
816 3073 982 3124 mero
1083 3055 1178 3118 Ita
1202 3073 1542 3136 reponere,
1584 3052 1829 3136 aliquot
1859 3055 2112 3136 quidem
2144 3054 2219 3118 li·
2300 3109 2307 3116 ,

149 3144 281 3207 bris
311 3139 762 3215 addicentibus,
808 3138 931 3203 anfi
1091 3159 1167 3203 us
1185 3185 1205 3216 ,
1249 3158 1394 3202 curn
1423 3160 1498 3201 ea
1527 3137 1758 3215 lectio,
1795 3136 1842 3199 fi
1871 3137 1971 3200 vel
2003 3140 2217 3203 minus

152 3248 328 3303 vera,
372 3233 589 3306 tament
611 3227 1001 3290 tolerabilior
1026 3225 1134 3302 fit,
1178 3244 1373 3307 quam-
1397 3225 1505 3286 illa
1528 3245 1564 3284 a
1593 3223 1918 3303 Scaligero
1932 3268 1955 3299 ,
2001 3242 2038 3284 e
2066 3245 2218 3288 con-

144 3311 426 3386 ianam,
481 3308 768 3394 repofita.
858 3310 1028 3386 Quid
1056 3313 1225 3373 enim
1251 3308 1372 3372 est:
1418 3304 1550 3393 Ipse
1578 3306 1747 3372 Deus
1777 3307 1967 3370 tacito
1988 3309 2219 3389 permi-

131 3402 222 3486 fit
266 3398 408 3461 vela
449 3395 770 3473 ministro?
836 3395 972 3481 Ipse
1023 3395 1305 3478 Scaliger
1353 3413 1577 3477 parum
1615 3391 1840 3456 diserte
1896 3395 2217 3476 explicare

145 3488 399 3571 potuit:
444 3483 596 3547 dicit
635 3482 794 3560 effe,
834 3481 1083 3562 tradere
1110 3479 1350 3546 libidini
1388 3499 1459 3543 ac
1485 3477 1804 3544 voluntati.
1881 3478 2216 3555 >Bronkhu·

140 3571 268 3644 fins
294 3570 499 3633 adhuc
528 3570 772 3632 acutius
797 3569 1047 3632 tacitum
1066 3568 1263 3631 Deum
1288 3564 1624 3650 ministrum
1647 3559 1949 3646 intelligit
1980 3567 2217 3644 vinum,

145 3659 329 3723 cuius
370 3676 640 3737 vapore,
678 3664 976 3736 tanquam
1006 3653 1155 3717 velo
1188 3653 1496 3736 quodam,
1539 3651 1706 3713 acies
1751 3650 2218 3714 mentis’obnu·
2300 3717 2303 3726 ,

144 3745 338 3812 bitur.
411 3740 634 3820 ¹Nitnis
653 3749 897 3821 argute.
940 3731 1210 3822 Vulpius
1236 3758 1388 3814 vero
1408 3737 1762 3817 permittere
1783 3733 1920 3799 vela
1944 3729 2217 3820 ministro

146 3830 342 3895 tacito
367 3825 494 3890 effe
520 3827 709 3903 dicit,
746 3824 974 3906 flagitii
1009 3824 1260 3888 conscio
1288 3833 1356 3887 et
1383 3823 1689 3898 adiutori,
1733 3822 1841 3905 qui
1864 3821 2103 3884 sobrius
2136 3840 2216 3910 os

145 3915 550 3997 obsignatum
583 3911 886 3987 habebat,
930 3910 1249 3972 ebrietatis
1280 3913 1474 3993 opera
1510 3905 2215 3992 potestatemloquendi

143 4001 387 4069 facere.
471 3997 865 4100 Metaphora'
885 3996 997 4063 ina
1034 3994 1175 4060 vela
1206 3992 1380 4077 dare,
1407 3995 1558 4062 satis
1595 3994 1848 4079 quidem
1881 3999 2033 4054 nota
2051 4033 2073 4068 ‚
2109 3988 2217 4054 sed
2244 4045 2277 4052 „

2081 4075 2215 4152 alio,

2314 2791 2346 2825 X
