2717 4767
417 285 424 292 .
507 256 682 334 ¹44.
984 248 1488 305 onsaavu.
1549 252 1654 306 m
1693 252 2091 348 ‚nayzss

333 511 340 518 ο
449 463 460 474 =
499 399 691 509 'quem
728 420 948 488 locum
991 416 1256 520 Cynam
1285 417 1417 510 sap.
1448 418 1608 498 adl,
1635 418 1819 504 Eleg.
1846 437 1907 503 3.
1954 418 2036 490 fic
2074 421 2329 488 laudat:
2384 421 2555 486 mixti
2640 379 2641 384 ἵ

497 530 631 578 cum
663 516 864 574 matre
890 503 1137 571 doloris.
1752 555 1755 560 .

680 613 704 658 1
720 609 774 677 5.
836 590 1183 674 Praefatae
1218 596 1365 658 aute
1399 608 1565 653 meos
1604 609 1815 657 manes
1860 594 2250 679 animamque
2282 600 2556 676 precatae

499 676 963 766 Perfusaeque]
1029 677 1163 742 Iam
1210 677 1628 761 superioribus
1652 682 2079 763 'temporibus
2114 683 2195 746 de
2241 680 2373 743 hoc
2418 680 2553 746 loco

501 766 911 849 disceptatum
939 763 1083 831 fuit.
1168 763 1336 828 Libri
1368 761 1507 830 fere
1541 762 1842 829 exhibent
1874 767 2266 850 animamque
2306 772 2555 848 rogatae
2644 833 2645 838 ἵ

502 853 603 916 vel
635 857 895 933 rogan,-
950 848 1033 913 fic
1076 858 1143 912 et
1186 850 1254 913 in
1279 857 1439 912 vett.
1469 846 1607 915 e'dd.
1635 861 1703 912 et
1728 851 1795 913 in
1823 851 2013 918 Aldd.
2040 855 2248 916 donec
2278 851 2554 914 Muretus
2610 871 2628 896 ²

545 943 788 1001 recatae
835 931 1197 1000 substituit-¹
1249 933 1397 998 Hoc
1441 942 1705 1009 ἀρχαϊκῶς
1752 957 1869 1019 pto
1897 936 2109 1002 affluo
2140 935 2438 1001 extuliffe
2459 934 2557 1000 Ti-

493 958 747 1088 ssuuum
789 1020 1044 1086 volebat
1099 1018 1152 1084 Ι.
1205 1018 1281 1084 Is.
1327 1020 1590 1085 Pontan.
1638 1023 1717 1084 ad
1772 1022 2049 1088 macrob.
2093 1023 2176 1099 V,
2218 1021 2475 1087 Satur-n.
2507 1041 2559 1104 7.
2644 1039 2645 1068 ³

503 1105 841 1193 Cyllenius
879 1107 944 1170 id
993 1103 1287 1172 inufitato
1326 1107 1521 1170 modo
1563 1105 1701 1172 fieri
1737 1107 1957 1172 videns
2004 1110 2265 1176 inclinat
2310 1111 2381 1173 in
2421 1110 2558 1172 alte·

501 1205 642 1263 fam
665 1191 1014 1260 leffionem
1032 1198 1358 1277 precatae,-
1412 1193 1587 1258 addit
1607 1205 1842 1270 tamen,
1861 1194 2024 1264 alios
2049 1196 2408 1279 imperandi
2433 1213 2559 1257 mo·

501 1283 589 1350 do
614 1276 949 1366 accepiffe',
987 1277 1384 1362 animamque
1409 1285 1655 1360 rogate.
1740 1275 2018 1356 Statius,
2060 1284 2170 1365 qui
2205 1286 2479 1364 rogatae
2503 1282 2561 1346 in

502 1367 800 1434 omnibus
839 1364 967 1429 suis
1005 1365 1366 1441 inuenerat,
1434 1362 1585 1428 hinc
1621 1363 1887 1436 faciebat
1925 1374 2211 1450 togatae,
2269 1386 2564 1451 perquam

499 1452 845 1520 infeliciter
872 1448 1253 1536 prostituens
1282 1450 1549 1513 amicam
1577 1446 1853 1527 Tibulli3
1904 1463 1969 1515 at
2004 1452 2292 1536 Scaliger
2324 1463 2398 1518 et
2428 1474 2566 1518 con·

500 1541 658 1606 iecit
698 1547 766 1602 et
803 1538 1042 1621 recepit
1079 1535 1364 1618 rigatae,
1421 1545 1667 1620 ytcum
1696 1537 2093 1624 sequentibus
2122 1539 2564 1623 coniungatur,

463 1655 468 1658 ·
501 1625 760 1709 rigatae
792 1619 1198 1708 perfusaeque
1230 1658 1310 1672 -
1347 1639 1605 1694 manus3
1645 1622 1732 1687 ita
1757 1632 1974 1687 tamen
2001 1627 2130 1690 duo
2154 1627 2426 1692 eandem
2451 1626 2564 1711 pla·

501 1716 595 1789 'ne
623 1727 761 1773 rem
803 1706 1213 1790 fignificantia
1237 1706 1424 1772 verba
1463 1709 1951 1792 coniunguntur.
2037 1709 2235 1775 Reae
2263 1713 2482 1797 itaque
2503 1711 2565 1776 ab

501 1819 583 1862 eo
611 1791 877 1860 disceffit
899 1792 1176 1862 Broukh.
1219 1806 1287 1857 et
1320 1794 1562 1877 recepit
1601 1798 1994 1880 animamque
2025 1805 2356 1879 precatae,
2403 1799 2564 1883 quod

498 1880 647 1949 sime
679 1881 849 1964 inter
889 1887 1102 1943 cetera
1142 1878 1465 1941 minimam
1505 1878 2052 1964 reprehensionem
2078 1882 2303 1948 habet:
2364 1894 2440 1949 vt
2489 1898 2564 1948 ta-

500 1985 653 2033 men
681 1983 801 2030 nec
834 1965 902 2029 in
931 1985 1010 2027 eo
1042 1963 1437 2047 acquiescere
1467 1949 1693 2030 liceat:
1738 1985 1884 2030 nam
1912 1968 2181 2051 primum
2206 1969 2370 2052 post,
2395 1990 2566 2055 prae·

490 2050 682 2140 fatae
713 2069 963 2128 manes,
1049 2051 1158 2114 uid
1199 2048 1320 2125 est,
1365 2059 1434 2113 et
1475 2054 1803 2135 quomodo
1830 2051 2082 2118 differt:
2126 2055 2411 2121 animam
2430 2076 2564 2140 pre-

500 2137 733 2206 eatae?
772 2147 851 2201 an
883 2157 920 2200 e
1002 2071 1238 2199 {luere
1284 2136 1505 2205 iubere
1534 2138 1852 2203 animam?
1897 2149 1967 2203 et
1996 2137 2302 2206 alterum:
2346 2144 2560 2207 Manes

548 2225 808 2302 messuri,
851 2223 917 2287 h.
944 2244 999 2287 e.
1030 2221 1243 2297 affari,
1283 2223 1544 2286 nomine
1586 2224 1972 2308 compellare
1997 2236 2325 2291 mortuum
2355 2226 2566 2295 'ribul-

529 2312 688 2378 um?
734 2320 806 2376 vt
846 2311 912 2373 in
948 2309 1104 2373 illo:
1151 2315 1249 2369 ter
1277 2326 1513 2391 magua
1541 2323 1689 2373 voce*
1716 2311 1956 2376 ciemus.
2037 2312 2303 2396 Optime
2346 2313 2438 2380 fic
2478 2317 2563 2381 lo·

378 2451 384 2457 .
500 2416 648 2466 eum
699 2397 1022 2479 expedias.
1107 2391 1234 2460 Sed
1271 2406 1492 2480 manet
1533 2393 1903 2475 difficultate,
1961 2401 2289 2481 quomodo
2337 2413 2564 2466 notum

498 2487 629 2553 hoc
666 2482 1040 2550 vocabulum
1060 2485 1347 2564 precatae
1379 2481 1448 2542 in
1472 2490 1738 2566 rogatae
1764 2483 1832 2545 in
1855 2484 2094 2546 maiore
2125 2486 2432 2552 codicum
2462 2508 2566 2553 nu·

499 2591 679 2638 meno
723 2570 894 2633 abire
942 2567 1260 2652 potueri&
1333 2561 1569 2652 Itaque·
1591 2575 1881 2649 precatae
1918 2589 2000 2631 ex
2032 2571 2169 2633 inte
2246 2575 2562 2639 retatione

443 2655 448 2666 ’
499 2657 609 2725 vel
636 2652 1036 2721 correffione
1066 2649 1191 2717 effe
1219 2651 1507 2731 videtur,
1553 2671 1906 2740 quanquam
1934 2664 2002 2719 et
2028 2655 2150 2720 He'
2223 2708 2243 2729 .
2271 2660 2357 2724 ad
2385 2661 2562 2727 Ouid.

496 2740 805 2822 fast-.V15
833 2753 981 2819 303·
1916 2767 1920 2773 ’
2622 2745 2627 2750 .

527 2836 533 2842 ’
922 2858 1006 2875 --
1087 2818 1234 2888 inde
1270 2819 1580 2905 precando

917 2902 1220 2993 Affamur
1267 2907 1527 2991 Vestam.

497 3003 593 3070 ita
615 2997 750 3080 legi
775 2995 1006 3060 debere
1034 2993 1396 3058 contendat.
1484 2991 1553 3057 Si
1580 2992 1740 3058 illud
1765 2994 1840 3060 ab
1868 2995 2056 3062 initio
2080 2994 2298 3062 fuifl'et
2312 3043 2333 3076 ‚
2380 3019 2560 3064 nemo

447 3121 454 3130 .
499 3080 796 3174 profesto
826 3082 893 3144 in
933 3082 999 3145 id
1029 3076 1378 3157 incidisset,
1419 3088 1493 3143 vt
1521 3088 1783 3162 rogatae
1818 3093 2179 3165 reponeret.
2275 3083 2563 3151 Precatae

500 3173 662 3237 adeo
705 3187 835 3232 non
874 3168 1086 3234 minus
1128 3165 1204 3229 ab
1240 3165 1667 3230 emendatrice
1706 3185 1895 3230 manu
1933 3165 2293 3249 proueniffe
2317 3171 2562 3236 videtur

499 3279 574 3323 ac
617 3261 944 3339 rogantes,
986 3254 1160 3337 quod
1204 3252 1272 3314 in
1301 3250 1712 3332 colbertina,
1755 3253 2004 3316 duobus
2034 3252 2227 3318 Palat.
2258 3264 2330 3319 et
2358 3257 2429 3320 in
2456 3256 2562 3320 Ed.

499 3341 685 3409 Rom.
725 3339 832 3404 est.
916 3340 989 3402 In
1018 3338 1224 3421 Regio
1271 3346 1339 3401 et
1367 3336 1623 3402 Coruin.
1668 3338 1860 3402 etiam
1888 3346 2136 3421 rogate,
2181 3343 2349 3405 vnde
2382 3341 2560 3428 suspi-

423 3459 426 3462 ·
501 3431 632 3494 cari
686 3423 878 3510 poffis
935 3422 1117 3491 fuiffe
1159 3426 1492 3508 animaque
1541 3430 1792 3506 rogata.
1873 3423 2054 3490 Haec
2095 3435 2312 3492 tamen
2354 3429 2560 3494 omnia

498 3522 801 3598 corrupta
829 3508 954 3575 effe
988 3512 1140 3574 olim
1167 3512 1459 3594 putabam
1487 3530 1567 3574 ex
1620 3531 1625 3538 ·

510 3631 518 3640 ‹
761 3593 1107 3679 Praefatae
1131 3604 1275 3661 ante
1305 3615 1471 3660 meos
1502 3594 1729 3660 Manes
1752 3595 2141 3682 animamque
2164 3606 2525 3682 vagantem.

495 3679 927 3767 Distingueret
961 3684 1052 3745 ita
1084 3683 1343 3760 Manes,
1386 3682 1493 3766 qui
1522 3682 1605 3745 in.
1626 3680 1841 3745 inferis
1879 3682 2055 3760 sunt,
2100 3683 2176 3748 ab
2204 3686 2423 3750 anima
2451 3704 2562 3750 va-

492 3778 710 3861 gante.
793 3769 948 3832 Erat
987 3767 1159 3833 enim
1196 3769 1452 3852 antiqua
1487 3766 1837 3851 superstitio
1854 3812 1874 3843 ‚
1915 3788 2050 3833 non
2080 3765 2279 3835 modo
2296 3816 2317 3848 ,
2356 3772 2559 3835 donec

499 3876 733 3941 corpus
773 3875 918 3917 com
965 3852 1189 3918 ofitum
1235 3864 1301 3916 et
1344 3853 1659 3937 sepultum
1697 3850 1854 3917 efl‘et
1887 3854 2320 3940 iustprumque
2358 3855 2560 3922 horim

497 3962 637 4005 rem
669 3941 878 4026 accep·
935 3950 1040 4017 et,
1098 3938 1368 4002 animam
1411 3941 1489 4004 ad
1524 3940 1673 4004 loca
1705 3939 1907 4004 infera
1938 3961 2075 4005 non
2110 3943 2400 4020 admitti,
2438 3962 2556 4006 nec

498 4030 695 4113 quieti
734 4028 907 4104 darn
968 4044 1128 4112 quae
1164 4034 1321 4091 nota
1357 4043 1464 4092 res
1503 4022 1591 4092 est
1603 4046 1628 4106 5
1685 4045 1917 4094 vetum
1953 4029 2145 4094 etim
2157 4027 2199 4109 ‚'
2247 4030 2439 4097 variis
2417 4030 2556 4183 ul{ie

1818 4142 1823 4147 ·
2339 4134 2419 4180 ca
2506 4131 2558 4179 u
