2717 4767
810 309 1077 374 vrrs
1171 268 1670 376 11311111.
2091 295 2279 410 mx

418 485 601 564 G
611 485 857 561 Sollius
882 455 1191 561 Sidonias
1215 485 1647 582 Apollinaris
1679 487 1904 565 Cam.
1920 512 1989 583 9.

352 626 584 700 =Non
608 624 936 697 Getulicus
963 626 1070 695 hic
1108 625 1221 697 tibi
1249 623 1515 725 legetur,

426 731 583 803 Non
608 724 884 813 Marsus,
923 724 1134 815 Pedo,
1172 729 1393 815 Silius,
1436 731 1974 805 TIBVLLVS.

874 904 1063 974 Idem
1100 903 1194 974 aa
1219 899 1629 997 Hesperium.
1720 943 1726 956 ι

367 1027 794 1110 Memineris‚
834 1026 1012 1132 quod
1036 1026 1218 1132 saepe
1238 1029 1494 1106 versum
1528 1028 1882 1190 compleuit
1910 1028 2097 1108 Delia
2119 1029 2276 1166 σαῷ

202 1128 328 1203 TI
341 1134 397 1204 Β
408 1137 475 1205 V
487 1136 541 1204 L
554 1137 608 1205 L
622 1137 704 1208 O.

475 1305 838 1378 Diomedes
879 1303 1364 1380 Grammaticus
1392 1309 1553 1383 Lib.
1582 1311 1742 1386 III.
1783 1332 1921 1404 cap.
1966 1312 2021 1381 ὅ.
2107 1347 2116 1378 ;

366 1435 568 1540 Qod
607 1467 810 1540 genus
855 1445 1163 1515 carminis
1215 1441 1600 1543 (Elegiam)
1657 1449 1992 1543 praecipue
2027 1439 2280 1567 scripse-

216 1559 360 1614 runt
398 1541 569 1644 apud
595 1549 933 1624 Romanos
974 1550 1370 1646 Propertius
1360 1567 1422 1619 et
1449 1551 2005 1636 TIBVLLVS,
2048 1551 2282 1634 imitati

219 1649 495 1720 Graecos
524 1646 1010 1723 Callimachum
1036 1670 1099 1724 et
1124 1653 1713 1754 Euphormionem.

413 1824 710 1894 Ioannes
735 1816 1046 1917 Baptista
1070 1796 2077 1921 PiusAnuot.pqster.cap.115.
2194 1879 2199 1886 .

366 1959 670 2056 Princeps
704 1955 1067 2056 Elegorum
1101 1953 1452 2059 poetarum
1491 1959 1581 2032 est
1622 1957 1822 2032 dubio
1861 1956 2092 2060 procul
2129 1957 2281 2033 AL-

218 2056 441 2133 BIVS
486 2063 1057 2143 TIBVLLVs,
1105 2068 1255 2163 quia
1293 2091 1475 2148 vere,
1524 2090 1663 2135 non
1691 2049 2282 2140 diffunulantermit

219 2163 535 2249 obnoxie
571 2183 900 2238 amantem
929 2168 1092 2264 agit3
1139 2162 1350 2240 modo
1377 2117 1671 2267 superbia
1716 2161 1924 2239 modo
1949 2161 2282 2265 supplicat,
2329 2175 2334 2184 '

218 2274 457 2353 annuit,
496 2273 725 2352 renuit,
771 2272 1087 2352 minatur,
1134 2263 1498 2354 intercedit,
1544 2267 1942 2370 dedignatur,
1985 2265 2280 2358 deuouet‚
2319 2315 2322 2324 f

220 2392 381 2457 orat,
430 2371 794 2444 inconstans
817 2371 928 2455 est,
973 2365 1147 2471 quod
1175 2372 1402 2457 voluit,
1447 2397 1589 2445 non
1616 2367 1772 2456 vuit,
1811 2370 2000 2473 quod
2015 2375 2283 2470 optauit,

218 2470 493 2571 refugit,
538 2461 753 2547 secum
792 2397 1123 2558 diffidens,
1174 2497 1244 2547 vt
1268 2480 1341 2545 in
1384 2479 1531 2548 vera
1555 2473 1869 2597 cupidinis
1905 2493 2044 2547 rom
2087 2472 2281 2547 illum

225 2583 577 2678 circumagi
604 2575 836 2652 credas.
939 2582 1096 2650 Non
1128 2574 1307 2650 deest
1334 2575 1556 2662 tamen
1588 2583 1687 2653 in
1698 2596 1874 2652 tanto
1898 2563 2142 2680 lepore
2146 2603 2282 2653 ver·
2387 2593 2396 2598 ’

220 2683 457 2756 borum
477 2679 619 2756 suus
642 2688 816 2755 nitor
837 2702 899 2753 et
923 2677 1401 2755 reconditarum
1420 2707 1639 2757 rerum
1663 2686 1975 2791 cognitio.

578 2851 911 2953 Angelus
952 2853 1336 2934 Pontianus
1375 2853 1642 2934 Narve.
1669 2877 1742 2927 v.
1761 2877 1900 2949 539.

198 3017 205 3024 ·
318 3028 428 3049 --
474 2996 570 3065 Vt
595 2987 743 3063 tet-'fi
768 2991 1092 3064 memorat
1131 2995 1237 3115 pia
1266 2987 1460 3064 Musa
1489 2995 1992 3082 TIBVLLI,

320 3089 517 3169 Musa
544 3090 667 3166 fibi
684 3098 936 3194 primos
967 3117 1126 3196 quae
1151 3100 1289 3167 iure
1301 3089 1595 3168 adsciscit
1619 3098 1901 3171 honores

323 3198 688 3300 Imparibus
730 3202 1051 3283 numeris,
1095 3205 1164 3270 ni
1197 3196 1428 3272 blanda
1455 3204 1811 3321 Propertius
1837 3225 1951 3273 ora

324 3302 568 3401 Soiuat,
599 3320 661 3375 et
685 3303 1050 3404 ambiguam
1068 3299 1261 3398 faciat
1285 3307 1633 3376 certamine
1656 3302 1973 3404 palmam.

371 3475 603 3550 Iulius
626 3427 869 3571 Cassin-
896 3476 1186 3577 Scaliger
1229 3471 1380 3550 Lib.
1409 3476 1503 3552 V
1490 3479 1549 3550 l
1579 3478 1877 3550 Poetices
1902 3501 2037 3573 cap.
2069 3501 2128 3567 7.

363 3609 641 3684 Facilius
665 3636 704 3682 e
734 3614 806 3684 T
823 3614 916 3684 IB
932 3614 1165 3686 VLLI
1190 3610 1353 3685 locis
1379 3609 1788 3737 expediemus
1810 3610 2137 3688 censuram
2163 3642 2280 3691 no·

209 3711 436 3790 ſtram.
537 3710 905 3790 Vniformis
930 3715 1043 3788 ille
1078 3742 1278 3816 paene
1317 3734 1483 3790 totus
1522 3717 1649 3802 est,
1686 3724 1920 3820 vixque
1957 3716 2278 3793 discedens

214 3820 304 3892 ab
335 3816 401 3892 se
443 3813 583 3917 ipso
629 3815 863 3892 eodem
900 3846 1102 3919 paene
1140 3846 1311 3920 gyro
1351 3818 1763 3895 concluditur.
1866 3820 2066 3895 Audis
2093 3829 2275 3894 enim

213 3919 427 4007 casae,
478 3917 709 4007 focos,
759 3942 939 4008 rura,
990 3950 1294 4010 nemora,
1342 3923 1588 4026 praela,
1641 3922 1869 4023 spicas,
1924 3922 2085 3996 (acra
2132 3943 2274 3997 tum

211 4024 603 4206 smum
633 4026 934 4100 multum.
1036 4033 1360 4102 Omnium
1388 4053 1543 4104 vero
1568 4025 1955 4118 mdciffimus,
1996 4055 2117 4101 nee
2139 4023 2275 4101 red·

497 4158 571 4206 111
592 4128 835 4231 Elegia.

1214 4259 1253 4307 e
1291 4260 1345 4324 3·
1483 4319 1488 4326 1
2133 4237 2324 4306 Ioa-x
