2717 4767
817 194 1011 306 afr]
1058 247 1163 304 11.
1264 246 1552 311 1130.
1601 238 1712 305 11.
2149 250 2294 331 103

100 400 109 409 ’
225 390 371 518 Ipse
417 410 590 492 suos
643 394 929 492 Genius
973 408 1147 491 adfit
1187 411 1463 493 visurus
1501 414 1888 510 honorem-1
2222 439 2269 510 ς

324 540 474 623 Cui
528 540 880 619 decorent
921 537 1195 619 faustas
1208 543 1221 557 '
1236 526 1482 620 mollia
1524 540 1706 619 serta
1752 559 2039 622 comas:

222 666 409 747 Illius
463 693 653 770 puro
718 664 1060 749 destillent
1103 684 1434 772 tempora
1478 667 1753 757 κιαι-ἀοῖ

319 794 599 897 Atque]
628 793 819 874 satur
857 794 1004 875 libo
1051 789 1166 894 fit,
1213 795 1641 901 madeatque
1677 819 1909 877 mero.

221 919 527 1005 Adnuat
557 939 655 1023 et,
698 921 1070 1020 Cerinthe,
1118 922 1266 1024 tibi,
1317 923 1808 1028 quodcunque
1836 922 2140 1028 rogabis.

319 1051 439 1128 En
483 1074 657 1153 age,
707 1048 880 1154 quid
924 1047 1185 1133 ceffas?
1240 1050 1508 1130 adnuet
1541 1052 1692 1142 ille3
1733 1074 1940 1154 roga.
2187 1076 2265 1131 10

223 1172 576 1279 Auguror
590 1234 617 1276 ‚
656 1182 906 1256 vxoris
940 1172 1129 1257 fidos
1167 1177 1443 1282 optabis
1480 1203 1803 1270 amores;

318 1304 480 1382 Iam
520 1328 694 1384 reor
732 1305 882 1383 hoc
933 1303 1119 1408 ipsos
1162 1303 1505 1385 edidiciss'e
1549 1306 1749 1385 de'os.

216 1430 380 1512 Nec
406 1431 535 1509 tibi
558 1432 916 1531 malueris,
954 1447 1194 1511 totum
1225 1458 1702 1536 quaecunque
1723 1458 1854 1537 per
1863 1431 2135 1533 {orbem

268 1588 275 1595 ·
315 1559 554 1640 Fortis
600 1574 753 1636 arat
803 1559 1039 1638 valido
1095 1559 1392 1639 rusticus
1437 1585 1610 1640 arua
1673 1561 1908 1643 boue:

225 1685 377 1767 Nec
422 1686 571 1784 tibi,
614 1711 1068 1789 gemmarum
1105 1686 1448 1793 quidquid
1489 1685 1804 1773 felicibus
1851 1688 2042 1772 IndIs
2191 1714 2262 1782 ις

312 1811 685 1913 Nascitur,
745 1814 884 1895 Eoi
898 1867 916 1884 ·
931 1839 1076 1919 qua
1120 1821 1336 1897 maris
1383 1813 1581 1897 vnda
1616 1815 1846 1897 rubet.

1168 1962 1173 1971 ’
1208 1942 1293 2022 G
1332 1970 1390 2048 4
2089 1946 2284 2028 Vota

216 2084 548 2146 v.Broukh.
634 2084 891 2154 Scilicet,
906 2085 1066 2164 quod
1085 2103 1214 2146 non
1282 2079 1540 2165 aliisque'
1574 2087 1849 2148 odoribus
1892 2085 2139 2148 accenfis
2158 2122 2179 2155 ‚
2220 2102 2286 2145 et

226 2191 422 2231 omnes
470 2188 715 2240 tenent,
770 2172 879 2230 illo
925 2189 1215 2247 tempore,
1283 2171 1552 2247 appofitis
1600 2174 1734 2232 libis
1785 2190 1846 2231 et
1885 2174 2068 2233 libato
2113 2172 2281 2239 νίιιο,

225 2272 445 2333 praeter
472 2275 566 2315 tus
598 2258 771 2316 etiam
794 2257 936 2316 aliae
964 2277 1055 2316 res
1072 2259 1215 2317 odo-
1283 2259 1466 2317 Genii
1489 2257 1866 2326 simulacrum,
1901 2257 2278 2321 adolescentis

219 2363 314 2404 rae
367 2345 437 2401 in
490 2362 587 2402 ara
644 2344 864 2402 adoleri
915 2344 1211 2402 solebant:
1281 2345 1535 2418 speciem
1575 2344 1835 2402 referens
1856 2382 1875 2410 ,
1919 2337 2152 2402 corollis
2185 2364 2278 2402 or-

185 2428 292 2505 ,fic
323 2430 481 2487 croci
517 2431 626 2488 flos
672 2449 730 2486 v.
758 2450 808 2487 c.
856 2427 1037 2487 Ouid.
1074 2427 1215 2485 Fast.
1285 2430 1550 2495 naham,
1580 2429 1763 2485 nardo
1793 2429 1993 2489 aliisue
2011 2446 2276 2505 vnguen-

216 2518 265 2584 Ι,
285 2517 383 2588 76.
420 2513 861 2572 cinnamomum
888 2529 950 2571 et
983 2512 1214 2570 cafia—
1285 2515 1361 2572 tis
1395 2513 1667 2572 delibutis
1720 2513 1961 2588 capillis.
2045 2511 2276 2571 Institu-

213 2616 359 2682 quae
370 2594 493 2657 diis
501 2613 604 2677 per
598 2595 865 2682 fingyelas
878 2595 1059 2656 micas
1071 2593 1217 2657 dan-
1282 2617 1412 2658 tum
1440 2600 1554 2656 hoc
1569 2595 1724 2656 forte
1755 2618 1846 2664 eo,
1883 2615 1952 2655 vt
1978 2614 2141 2655 tanto
2159 2618 2275 2655 ma·

216 2700 349 2758 tur,
418 2687 502 2743 ait
544 2688 697 2745 Plin.
728 2688 856 2752 XII,
897 2696 988 2751 18.
1034 2684 1077 2743 s.
1111 2705 1215 2755 41.
1284 2685 1372 2764 gis
1403 2684 1591 2761 epulis
1625 2683 1742 2743 ille.
1765 2680 2087 2763 adessejsuis
2112 2684 2274 2741 vidc-

212 2771 381 2832 :nardi
412 2770 560 2829 folia
591 2791 657 2829 ac
685 2771 872 2845 spicae
901 2787 1013 2828 etc.
1282 2787 1479 2835 remi-3
1556 2770 2027 2847 quandoquidem
2045 2794 2052 2801 ·
2070 2769 2273 2828 conui-

301 2860 361 2914 6.
410 2853 516 2914 Cui
540 2850 600 2915 d.
607 2859 644 2936 )
681 2877 740 2914 v.
759 2859 807 2922 1,
826 2875 883 2930 7,
907 2874 1001 2926 52.
1283 2856 1514 2915 vim-um
1540 2855 1642 2913 ille
1657 2876 1780 2914 mos
1799 2872 2108 2930 perpetuus
2130 2872 2271 2924 erat,

300 2970 363 3025 7.
416 2964 563 3029 puro
598 2975 675 2990 -
715 2939 943 3024 nardo)
1006 2961 1216 3026 petrum
1280 2958 1350 3000 vt
1378 2941 1641 3000 coronati
1674 2941 1854 3000 essent
1879 2958 1940 2998 et
1958 2940 2115 3000 vnsti
2131 2961 2273 2999 con-

209 3029 475 3095 nardum
519 3028 597 3094 est
640 3050 820 3093 tenue
863 3053 929 3091 ac
960 3032 1212 3109 fimplex,
1278 3028 1468 3086 vivae.
1528 3026 1704 3085 Conf-
1736 3027 1860 3100 sup.
1886 3027 1990 3084 lib.
2008 3028 2055 3091 Ι,
2081 3045 2139 3101 7,
2166 3048 2267 3101 49.

214 3124 415 3180 oleum
455 3120 796 3186 nardinum,
862 3136 1065 3177 contra
1105 3134 1212 3175 vn·
1278 3112 1405 3190 sqq.
1493 3114 1693 3189 Itaque
1732 3111 1866 3169 libis
1915 3112 2089 3168 etiam
2122 3112 2270 3169 satu-

202 3219 483 3293 guentum
521 3223 642 3263 erat
681 3205 917 3264 craffum
965 3225 1028 3263 ac
1066 3204 1211 3261 mix-
1275 3198 1390 3256 rari
1427 3215 1489 3255 et
1529 3198 1673 3255 vino
1706 3196 1980 3255 inebriari
2027 3195 2268 3273 fingitut

214 3311 358 3353 tum.
422 3312 482 3349 v.
530 3292 840 3366 spanhem.
876 3291 948 3349 ad
980 3291 1205 3349 Gallim.
1273 3285 1400 3346 h.1.
1436 3284 1682 3341 Genius.
1792 3310 1795 3314 Δ

211 3380 276 3439 in
308 3376 514 3455 Apoll.
546 3397 606 3435 v·
641 3389 735 3452 38.
787 3376 888 3456 qui
919 3396 1055 3435 cum
1098 3395 1209 3433 no·
1372 3389 1464 3427 11.
1506 3365 1739 3442 uxoris)
1792 3366 1892 3441 spe
1931 3366 2167 3444 quidem
2210 3385 2273 3427 et

208 3464 321 3523 stro
349 3463 670 3538 comparari
707 3464 923 3537 potestz
1008 3510 1016 3516 .
1276 3470 1441 3542 gnte.
1486 3453 1606 3512 vid.
1634 3472 1691 3511 v.
1721 3470 1811 3524 17.
1847 3464 1938 3520 18.
1983 3440 2056 3512 Et
2083 3457 2270 3512 omni-

278 3558 351 3607 Al
392 3552 449 3606 δὲ
473 3550 634 3619 κόμας
661 3549 888 3604 θυόεντα
915 3550 1052 3625 πέδῳ
1095 3546 1210 3605 λεί·-
1277 3560 1360 3600 no
1392 3540 1620 3616 puellae
1661 3555 1878 3597 amatae
1919 3558 1992 3598 eo
2023 3542 2270 3607 nomine

627 3631 779 3693 βυσιν
816 3623 990 3684 ἔλαια.
1275 3627 1445 3702 saepe
1471 3627 1851 3701 appellantur.

208 3701 504 3796 destillare
561 3711 642 3768 est
698 3727 885 3791 guttas
944 3713 1209 3773 deorsum
1371 3732 1393 3770 1
1410 3732 1464 3775 2.
1487 3707 1643 3795 *Iam
1682 3726 1808 3767 reor
1846 3703 1943 3789 h.)
2001 3711 2161 3787 quod
2188 3726 2271 3767 ta-

209 3798 466 3855 mittere.
527 3795 688 3855 conf.
711 3798 757 3864 Ι,
786 3815 849 3870 7,
881 3811 974 3867 51.
1016 3801 1121 3868 111,
1145 3825 1209 3875 4,
1277 3797 1395 3858 cite
1427 3798 1543 3856 iam
1567 3813 1770 3856 votum
1800 3792 1950 3853 istud
1978 3796 2264 3868 concepit.

210 3893 314 3949 28.
403 3882 696 3956 Graphice
713 3897 906 3938 autem
931 3884 1209 3961 descripta
1274 3903 1336 3944 v.
1379 3884 1452 3943 ad
1480 3882 1602 3957 sup.
1640 3885 1799 3959 Eleg.
1838 3891 1872 3946 8
1884 3897 1936 3951 5.

212 3968 294 4026 est
337 3967 548 4044 religio
594 3966 812 4043 alioqui
845 3969 1219 4044 perobscura.
1374 3989 1466 4041 14.
1537 3966 1747 4026 Versus
1791 3963 2102 4022 admodum
2139 3961 2265 4038 pul-

205 4054 374 4115 Dum
427 4052 632 4113 Genio
685 4051 906 4115 sacrum
957 4052 1027 4114 fit
1078 4071 1215 4115 ture
1277 4056 1448 4115 chiae
1486 4052 1808 4113 strusturae.
2208 4132 2246 4186 6

762 4142 767 4157 ’
846 4156 849 4157 ’
1973 4165 1978 4171 ι
2055 4146 2145 4202 ις.
2172 4150 2193 4188 1
2250 4172 2262 4185 .
