2717 4767
600 287 1127 349 nomenve
1175 285 1292 349 ιτ
1336 267 1991 357 nt'nomnvs:
2130 291 2344 357 xxm

269 458 438 566 seqq.
480 462 796 542 lectiones
833 461 921 536 ali
1004 481 1155 537 ote
1188 460 1418 539 eodice
1452 460 1572 540 fiio
1609 460 1892 569 profert,
1940 460 2258 569 sed·quae
2295 492 2343 542 ι

267 570 523 669 vulgata
551 568 720 641 nihil
746 564 862 641 dis
964 588 1098 640 unt.

420 679 676 746 Verum
716 690 965 790 Praeter
1005 674 1128 746 hos
1176 697 1317 748 non
1345 677 1536 773 pauci
1577 670 1804 773 passim
1833 679 1907 747 in
1933 672 2339 754 bibliothecis

184 797 191 800 ·
265 795 481 850 extant
520 776 708 860 libri,
750 801 952 878 qum,
990 798 1304 877 quantum
1343 774 1612 850 iudicari
1645 779 1884 877 potest,
1934 804 2175 879 magna
2219 774 2338 850 sal·

265 900 400 954 tem
446 908 527 953 ex
562 902 774 979 parte,
841 877 1244 955 eruditorum
1283 907 1485 954 nemo
1524 878 1734 956 adhue
1773 881 2047 957 excuffit.
2150 884 2339 983 Qoe

266 1010 513 1084 magno
559 1011 837 1058 numero
876 992 1115 1084 panim
1155 1014 1194 1058 e
1230 986 1766 1060 bibliothecarum
1803 987 2137 1087 catalogis,
2307 1028 2340 1050 ·

262 1094 387 1162 tim
413 1086 676 1160 aliunde
697 1107 945 1162 notatos
962 1143 984 1174 ‚
1029 1117 1184 1163 cum
1215 1096 1284 1162 in
1310 1096 1530 1191 priore
1559 1085 1840 1162 editione
1863 1087 2095 1163 recens
2129 1094 2142 1107 “
2200 1114 2340 1176 em,

260 1214 329 1268 vt
366 1220 504 1267 vno
537 1190 714 1292 quasi
757 1188 1099 1293 conspectu
1142 1199 1373 1270 intueri
1409 1190 1647 1296 posset,
1702 1199 1814 1294 qui
1857 1193 2082 1279 vellet,
2141 1219 2339 1294 quan·

259 1317 404 1370 tum
452 1297 644 1368 nobis
687 1301 760 1367 in
805 1322 941 1369 vno
980 1301 1111 1371 hoc
1163 1317 1299 1372 tam
1342 1303 1606 1399 exiguae
1660 1296 1859 1370 molis
1913 1323 2119 1399 neque
2169 1293 2339 1371 adeo

262 1400 641 1475 multorum
670 1403 1030 1474 hominum
1058 1401 1339 1475 lestione
1378 1398 1777 1503 frequentato
1803 1396 2339 1502 poeta-subfidio-

258 1529 409 1579 rum
454 1506 763 1578 relietum
810 1502 921 1588 fit,
994 1525 1057 1580 et
1109 1532 1307 1607 quam
1360 1511 1587 1607 exigua
1628 1529 1858 1578 eorum
1902 1512 2047 1604 pais
2101 1503 2338 1577 nostrie

258 1608 464 1683 vfibus
519 1603 910 1696 inseruierit3
985 1636 1125 1683 non
1164 1604 1417 1709 prorsus
1465 1609 1754 1683 alienum
1796 1638 1836 1681 a
1873 1636 1944 1682 re
1998 1605 2339 1694 videbitur,

261 1708 316 1790 fi
360 1740 395 1784 e
427 1717 652 1812 priore
692 1707 1087 1812 praefatione
1132 1714 1329 1786 illum
1374 1712 1602 1787 locum
1652 1717 1782 1786 huc
1823 1708 2339 1812 transscripseroe

257 1815 487 1890 additis
523 1815 895 1900 nonnulle,
944 1843 1105 1917 quae
1130 1814 1192 1891 se
1219 1814 1461 1916 legenti
1500 1814 1726 1917 sponte
1767 1817 2165 1901 obtulerunt,
2217 1811 2339 1889 etsi

252 1918 596 1998 fatendum
641 1920 768 2006 est,
840 1925 1209 1994 maximam
1259 1924 1506 1994 horum
1542 1920 1865 1994 librorum
1905 1939 2157 2021 partem
2204 1913 2334 1991 esse

254 2055 296 2102 a
321 2053 524 2100 manu
567 2044 703 2098 tam
729 2030 990 2109 recenti,
1025 2044 1089 2099 et
1117 2046 1252 2098 tam
1293 2050 1529 2125 parum
1570 2021 1811 2105 fruetus
1841 2044 1904 2098 et
1941 2024 2218 2098 vtilitatis
2248 2047 2333 2098 ex

260 2134 750 2231 comparatione
789 2126 1167 2202 instituenda
1206 2133 1588 2228 promittere
1601 2182 1623 2213 ,
1691 2148 1761 2202 vt
1802 2133 2050 2201 nemini
2103 2129 2332 2200 autstot

257 2235 385 2312 fim
417 2239 537 2308 otii
564 2239 637 2305 in
659 2231 771 2305 tali
803 2257 1000 2332 opera
1037 2228 1482 2307 consumendi.
1583 2237 1849 2307 Initium
1889 2235 2074 2306 huius
2117 2256 2331 2305 recen-

253 2339 456 2415 fionis
481 2334 796 2411 faciemus
825 2338 906 2409 ab
940 2338 1181 2424 Italia,
1218 2335 1528 2410 codicum
1568 2333 1742 2436 quafi
1775 2342 2006 2435 patria,
2058 2332 2226 2408 vnde
2255 2338 2328 2408 in

252 2446 411 2520 alias
455 2463 682 2528 terras,
732 2461 1039 2541 tanquam
1074 2469 1112 2514 e
1150 2440 1345 2513 natali
1390 2446 1463 2511 in
1507 2465 1657 2538 pere
1704 2445 1919 2512 tinum
1960 2436 2175 2512 solum
2221 2437 2330 2507 ab·

252 2547 443 2623 duffl
483 2541 669 2617 fuere.
771 2548 858 2618 Et
878 2571 933 2615 'a
960 2540 1489 2631 Montefalconio
1533 2547 1644 2643 qui
1691 2570 1796 2615 em
1840 2548 1908 2614 in
1933 2541 2328 2615 bibliotheca

154 2661 161 2678 ²
251 2657 605 2730 MStorum
642 2651 859 2722 Tom.
883 2653 932 2722 Ι.
968 2676 1035 2750 p.
1066 2677 1128 2737 4.
1163 2652 1329 2721 inter
1368 2643 1791 2722 bibliothecae
1825 2646 2190 2752 Vaticanae
2217 2668 2325 2718 co·
2385 2705 2390 2712 .

251 2755 427 2832 dices
461 2772 948 2827 memoranturz
1655 2799 1668 2819 .

394 2889 463 2933 n.
495 2860 680 2946 1609.
744 2855 1006 2929 Tibulli
1032 2856 1228 2927 codex
1258 2856 1581 2952 antiquus
1612 2857 1682 2928 in
1712 2855 2110 2928 membrana.

399 2992 467 3037 n.
498 2973 664 3035 1610.
697 2962 853 3034 1611.
885 2981 1079 3053 2794.
1107 2981 1273 3053 3175.
1301 2978 1707 3048 327or3272.
1752 2981 1966 3030 omncs
2018 2962 2090 3029 in
2132 2979 2322 3029 mem·
2431 2962 2438 2970 ’

255 3072 493 3152 mana,
511 3064 642 3160 fid
671 3077 967 3137 recentes.
1067 3068 1167 3136 Ex
1197 3064 1298 3142 hia
1339 3075 1452 3134 eos
1483 3056 1669 3138 fuisse
1705 3054 1948 3134 necesse
1992 3060 2081 3133 est
2094 3115 2116 3145 ‚
2157 3085 2318 3160 quos

257 3178 480 3249 statius
507 3191 571 3243 et
595 3166 895 3242 Heinfius
918 3163 1260 3251 versatum,
1305 3183 1369 3236 et
1397 3160 1567 3237 forte
1592 3163 1737 3249 isse,
1782 3170 1894 3264 qui
1915 3171 2137 3264 primo
2163 3163 2350 3270 loco,

254 3293 694 3358 memoratur,
738 3279 790 3346 is
829 3267 963 3372 ipse
1004 3271 1126 3356 est,
1167 3298 1205 3343 e
1234 3294 1367 3371 quo
1404 3265 1599 3366 Lipfii
1648 3288 1974 3367 excerptae
2003 3268 2318 3342 lectiones

248 3400 468 3468 erant3
510 3374 744 3451 eodem
774 3381 966 3449 etiam
997 3380 1221 3449 Statius
1245 3367 1387 3446 vsus
1416 3368 1548 3445 effe
1566 3367 1831 3448 videtur.

402 3491 484 3558 In
522 3482 912 3556 bibliotheca
951 3475 1308 3555 cardinalis
1347 3475 1704 3568 ottoboni,
1776 3501 1877 3580 ap.
1915 3471 2104 3550 eund.
2145 3477 2236 3550 T.
2264 3471 2313 3546 Ῐ.
2399 3451 2404 3458 .

236 3616 305 3696 p.
333 3603 462 3670 188.
490 3592 567 3662 A.
590 3629 599 3632 -
1796 3638 1803 3642 -

686 3686 1013 3771 mattas,
1055 3687 1255 3758 codex
1280 3705 1523 3759 recem.

392 3796 476 3867 In
517 3790 905 3867 bibliotheca
947 3790 1445 3864 olivetanorum
1487 3786 1768 3889 Neapoli
1804 3780 1976 3888 apud
2019 3778 2206 3857 eund.
2248 3805 2313 3888 p.

245 3921 391 3991 230.
420 3899 500 3971 C.
543 3916 607 3969 et
637 3902 707 3968 in
733 3898 910 3968 Diar.
941 3894 1076 3968 Ital.
1125 3922 1179 3967 c.
1207 3916 1299 3968 21.
1325 3921 1389 3992 p.
1418 3917 1553 3982 305.

406 4003 814 4095 Propertius
833 4051 856 4083 ,
897 3994 1223 4084 Catullus,
1283 3998 1607 4080 Tibullus,
1653 3947 1860 4068 Statii
1889 3988 2158 4090 sylinam·
2221 4010 2319 4088 ¹5⁰·

243 4111 378 4181 dex
403 4108 488 4180 ab
514 4100 684 4182 Ant.
713 4104 1059 4179 Sinibaldo
1091 4102 1471 4279 ΕΙονίητὶαι
1497 4096 1852 4198 άψνίριω
1885 4117 2058 4168 anno
2087 4103 2330 4267 2484in

1333 4228 1386 4293 4
1533 4221 1540 4228 ,
