2717 4767
424 269 593 349 :¹0³

965 220 1958 331 Arnrrnrxtvzzr

1043 430 1684 537 ELE-G'JA
1775 455 1981 535 η’

441 578 844 729 Dicamus
889 639 1086 723 bona
1126 641 1348 723 verba
1363 699 1389 740 ‚
1433 646 1632 720 venit
1676 640 1981 740 Natalis,
2030 635 2121 719 ad
2156 642 2357 732 aras}
2451 702 2458 713 ,

553 764 899 876 Quisquis
947 768 1137 869 adeS,
1183 771 1447 873 lingua,
1491 774 1603 847 vir
1640 769 2066 877 mulierque,
2105 763 2293 845 saue.

447 893 763 977 Vrantur
809 903 921 999 pia
968 914 1126 979 tura
1172 888 1353 976 focis
1368 955 1395 995 ‚
1441 912 1738 975 vrantur
1778 892 2068 992 odores,

552 1000 773 1125 Quos
827 1040 1031 1106 tener
1070 1051 1114 1105 e
1156 1032 1344 1106 terra
1390 1022 1605 1107 diuite
1656 1028 1874 1106 mittit
1909 1014 2169 1104 Arabs.

451 1326 781 1401 phantasma
798 1322 1076 1407 virginus
1096 1332 1270 1390 haber
1284 1333 1438 1392 Aen.

404 1410 409 1417 ’
449 1413 525 1478 V,
556 1426 695 1487 854.
739 1414 840 1473 vbi
886 1417 1135 1492 Somnus
1166 1420 1439 1480 Palinuro

451 1514 655 1572 aquam
695 1501 1007 1559 Lethaeam
1053 1503 1333 1581 inspergit
1375 1503 1442 1562 in

323 1614 327 1625 ·
453 1586 673 1644 oculos.
761 1589 844 1644 At
887 1589 1222 1648 Callimachi
1277 1591 1441 1647 Iocus

406 1666 419 1683 ⁸
454 1668 819 1730 adumbratus
839 1673 918 1731 est
933 1694 1006 1732 ex
1019 1668 1249 1737 Pindar.
1269 1676 1443 1753 Pyth.

333 1808 338 1813 .
451 1755 501 1819 1,
551 1774 643 1825 13.
688 1756 812 1833 sqq.
918 1758 1236 1838 Imaginem
1279 1760 1446 1835 pueri

452 1839 588 1897 alati
629 1858 763 1899 cum
804 1862 1086 1918 papauere
1132 1864 1193 1904 et
1233 1848 1448 1905 lacerta

455 1924 529 1981 de
558 1926 779 1983 Somno
823 1931 1068 2004 explicat
1106 1933 1337 1991 Tovius
1381 1931 1450 1989 in

451 2010 705 2084 Epistola
734 2012 806 2070 ad
839 2016 1151 2091 Cuperum.
1209 2038 1269 2077 v.
1308 2020 1450 2076 For-

456 2098 605 2152 tuita
637 2099 759 2156 eius
792 2118 850 2175 p.
891 2121 1028 2176 277.
1120 2099 1236 2161 Sed
1252 2104 1451 2162 dehac

2355 1142 2523 1255 Ipse

1507 1348 1623 1391 tur.
1707 1330 2055 1392 cerinthum
2098 1346 2346 1407 puerum
2389 1328 2506 1386 lib.

1508 1419 1610 1476 IV.
1653 1418 1740 1475 m,
1770 1439 1822 1475 2.
1881 1433 1941 1474 et
1979 1417 2135 1494 seqq.
2177 1435 2208 1474 a
2249 1413 2515 1487 Sulpicia

1510 1501 1685 1562 amari
1730 1503 2089 1569 videbimus;
2133 1499 2232 1559 sed
2276 1500 2514 1574 puellae

1510 1605 1628 1647 tam
1652 1587 1855 1647 illustri
1887 1604 2063 1666 gente
2090 1601 2404 1663 prognatae
2438 1583 2515 1642 li-

1513 1674 1776 1734 bertinus
1796 1675 1995 1741 homo,
2037 1673 2236 1731 saltem
2251 1672 2516 1731 Graecu-

1512 1763 1637 1827 lus,
1679 1760 1941 1835 adeoque
1990 1758 2363 1834 peregrinus,
2408 1756 2517 1813 de-

1514 1844 1784 1920 sponderi
1816 1845 1915 1902 vix
1966 1843 2175 1918 potuit.
2263 1844 2358 1898 De
2397 1841 2515 1898 alin

1514 1932 1692 2015 igitur
1732 1930 1883 2005 paris
1923 1929 2089 1989 sortis
2121 1927 2326 2005 ‚puella
2360 1926 2517 1986 haec

1516 2016 1758 2090 accipio.
2127 2026 2132 2031 ’

1611 2122 1662 2160 ι.
1685 2098 1965 2159 Dicamus
1984 2091 2364 2178 bonamba)
2394 2097 2525 2158 hoe

368 2190 373 2197 ‘
456 2181 815 2259 antiquitatis
840 2205 999 2259 parte
1017 2188 1245 2263 copiose
1262 2189 1453 2263 dispu-
1489 2184 1710 2267 :fatere
1723 2187 1950 2246 dicitur.
2003 2173 2164 2245 Bona
2180 2187 2356 2244 verba
2372 2181 2519 2244 sunt

390 2342 395 2349 ι
456 2281 642 2327 tatum
683 2270 763 2325 est
801 2292 990 2346 nuper
1027 2275 1452 2341 aviris‘dostis,

436 2352 561 2428 ·qui
592 2353 669 2410 de
694 2356 905 2417 Mortis
937 2349 1096 2437 signo
1130 2380 1194 2418 ac
1221 2359 1455 2437 symbo-

458 2436 531 2496 lis
559 2440 710 2512 apud
739 2459 966 2503 veteres
1001 2442 1262 2506 differ-ere
1293 2445 1454 2505 insti-

458 2536 718 2585 tuerunt.

544 2629 647 2684 90.
691 2607 901 2670 incerto
919 2609 1154 2674 Somnia
1177 2613 1358 2695 nigra
1360 2630 1456 2696 pe-

459 2685 568 2765 de)
603 2692 607 2698 ’
644 2693 863 2753 Incerto
899 2693 1037 2775 pede
1077 2703 1136 2759 h.
1198 2700 1454 2768 infirmo,

460 2777 705 2846 claudo,
731 2781 871 2857 ferri
902 2803 1028 2841 mea
1063 2785 1301 2860 quidem
1326 2787 1456 2844 sen-

461 2864 650 2922 tentia
682 2866 956 2925 dicuntur
972 2869 1211 2927 Somnia
1245 2873 1318 2930 ad
1347 2893 1456 2930 no-

462 2950 699 3007 tandam
745 2971 945 3010 eorum
977 2972 1238 3014 naturam
1263 2956 1456 3017 incer-

462 3051 600 3102 tam,
631 3038 954 3115 ambiguam
983 3059 1043 3099 et
1069 3042 1317 3103 obscuris
1340 3063 1458 3102 am-

463 3122 703 3200 bagibus
734 3123 1096 3184 inuolutam}
1140 3144 1257 3195 aut,
1297 3130 1458 3205 quod

462 3206 771 3282 simplicius
805 3212 990 3270 adhuc
1020 3213 1118 3281 est,
1167 3215 1368 3272 eadem
1385 3234 1456 3272 ex

466 3294 678 3361 cauffn,
722 3314 786 3353 ac
819 3292 1052 3357 Somnus
1094 3298 1344 3359 titubare
1396 3317 1458 3357 et

462 3376 816 3438 inconstanti
847 3386 1028 3460 greffu
1053 3386 1329 3444 incedere
1345 3385 1456 3444 fin·-

465 3463 653 3562 giturz
733 3480 801 3523 vt
851 3468 1042 3549 solent
1079 3469 1287 3532 somno
1328 3489 1455 3550 gra·

464 3564 603 3608 vati.

554 3721 713 3800 Eleg.
730 3723 802 3780 Π.
825 3724 894 3781 In
913 3725 1089 3783 natali
1106 3727 1328 3800 puellae
1344 3728 1455 3784 Ce-

462 3805 665 3878 rintho
695 3807 1000 3885 desponsae
1043 3810 1262 3869 sacrum
1299 3810 1456 3868 indi-

465 3893 548 3950 cit
582 3898 753 3966 poeta
787 3895 1003 3962 Geni0‚
1043 3911 1295 3972 votaque
1327 3895 1452 3952 eius

463 3995 572 4054 pro
606 3977 831 4050 puellae
880 3979 1180 4037 connubio
1224 3996 1285 4038 et
1312 4000 1455 4039 con-

464 4060 635 4121 stanti
666 4078 860 4119 amore
891 4076 1011 4121 rata
1055 4061 1187 4124 fore
1215 4082 1453 4145 augura·

1518 2274 1757 2344 εὔφημα,
1787 2273 1930 2331 boni
1955 2271 2186 2331 ominis.
2232 2271 2309 2329 cf.
2327 2269 2521 2332 Ouid·

1518 2363 1594 2418 V.
1623 2361 1793 2419 Trist.
1828 2374 1882 2431 ς,
1905 2373 1956 2430 ς.
1980 2361 2035 2414 6.
2080 2360 2160 2415 Ea
2193 2367 2331 2415 ante
2348 2371 2517 2426 aras,

1519 2445 1677 2505 inter
1713 2445 1928 2505 sacrum
1947 2483 1966 2512 ,
2008 2443 2272 2518 inprimis
2318 2441 2516 2500 obser-

1520 2534 1836 2591 vabanturz
1880 2528 2039 2588 conf.
2062 2529 2254 2603 paullo
2272 2544 2410 2584 ante
2439 2524 2519 2585 ad

1522 2620 1610 2678 El.
1632 2620 1681 2685 I,
1711 2619 1811 2685 86.
1892 2618 1988 2674 De
2019 2608 2240 2673 Natali
2270 2607 2370 2672 deo
2405 2614 2516 2679 ob-

1521 2703 1680 2763 scura
1703 2701 1909 2778 religio
1939 2701 2047 2759 est:
2092 2719 2202 2759 nec
2232 2698 2341 2758 nifi
2364 2698 2522 2757 ario-

1519 2790 1767 2848 lationes
1808 2787 1979 2853 sunt,
2022 2806 2167 2862 quae
2197 2784 2313 2848 viri
2352 2781 2518 2844 desti

1522 2872 1594 2932 de
1615 2894 1685 2931 eo
1700 2873 2010 2947 disputant,
2025 2869 2291 2948 inprimis
2306 2869 2516 2929 Paffet.

1523 2961 1597 3017 V.
1618 2960 1706 3016 Cl.
1740 2959 2080 3032 paralipom.
2118 2955 2407 3016 Demsteri
2452 2973 2517 3031 p·

1507 3039 1627 3121 '99.
1653 3044 1796 3102 Vasa
1824 3046 1945 3103 Etr.
1974 3046 2089 3100 To.
2110 3043 2157 3098 1.
2182 3062 2244 3117 p.
2280 3057 2377 3112 51.
2415 3056 2522 3112 55.

1528 3133 1626 3186 60.
1661 3133 1759 3187 61.
1805 3132 1903 3203 63.
1946 3147 2045 3203 72.
2086 3143 2155 3184 vt
2196 3125 2388 3184 omnis
2438 3126 2519 3185 de

1527 3214 1735 3281 Geniis
1767 3233 1857 3273 res
1893 3233 2096 3288 parum
2126 3214 2196 3271 ad
2224 3212 2517 3289 liquidum

1522 3299 1764 3376 perduci
1791 3299 1992 3376 potest.
2079 3299 2288 3355 Noster
2315 3297 2518 3375 paullo

1521 3386 1646 3462 post
1679 3405 1748 3447 v..
1770 3402 1823 3457 5.
1852 3383 2111 3443 Genium
2138 3401 2172 3440 a
2199 3381 2396 3441 Natali
2428 3381 2517 3440 di·

1520 3471 1809 3548 stinguere
1836 3470 2084 3529 videtur.
2167 3465 2353 3540 Deum
2385 3464 2517 3531 Na.-

1519 3550 1699 3614 talem
1744 3555 1858 3614 inf.
1895 3552 2221 3613 videbimus
2266 3554 2373 3612 lib.
2409 3554 2516 3623 lv,

1528 3656 1583 3712 5,
1608 3662 1630 3698 ι
1637 3661 1700 3713 9.
1733 3659 1868 3698 eum
1892 3639 2007 3698 iam
2024 3640 2205 3698 adesse
2229 3639 2396 3697 sacris
2412 3638 2512 3698 ait.

1611 3743 1664 3799 3.
1700 3722 1807 3804 pia
1832 3737 1972 3783 tura
1974 3725 2011 3803 )
2060 3723 2171 3804 pia
2202 3725 2338 3802 quia
2379 3722 2518 3786 Diis

1522 3827 1848 3870 cremantur
1918 3810 2150 3886 pietatis
2221 3810 2518 3870 testandae

1519 3895 1716 3955 cauffa.
1786 3889 1975 3955 odores
2002 3916 2060 3954 v.
2096 3897 2168 3955 ad
2198 3899 2247 3964 1,
2283 3914 2340 3971 3,
2370 3916 2435 3970 7.

1604 4002 1665 4057 4.
1709 3992 1867 4041 tener
1891 4013 1973 4029 —
2005 3975 2240 4062 Arabs)
2281 3982 2343 4039 h.
2371 3981 2520 4041 mol-

1515 4065 1590 4129 lis
1609 4104 1629 4136 ‚
1671 4066 2043 4149 effeminanu
2087 4068 2356 4129 bonitate
2391 4067 2519 4128 soli.

1817 4146 1824 4152 ’
2184 4153 2517 4219 v.Broukh.
