2717 4767
477 284 581 373 16

468 474 637 581 Nec
652 468 1100 554 tamen—huic
1120 469 1379 556 credet
1396 470 1667 548 coniux
1693 480 1862 546 tuus
1894 491 1914 543 z

1009 299 2077 361 A·LBI·1'TIBV1.111·

1951 466 2530 546 vtmihiverax?

577 601 894 679 Pollicita
936 596 1035 675 est
1084 604 1370 699 magico
1407 595 1569 698 saga
1609 594 2014 675 ministerio.
2055 612 2064 621 ’

471 729 695 809 Hanc
741 730 882 828 ego
926 724 1018 803 de
1081 725 1284 807 caelo
1334 723 1722 804 dueentem
1769 718 1993 801 fidera
2040 721 2206 803 vidi.

378 953 384 959 .
495 856 925 936 nFlumims
952 855 1135 931 haee
1170 850 1390 953 rapidi
1427 857 1746 927 carmine
1790 857 2004 929 vertit
2045 857 2200 928 iter.

472 984 684 1061 Haec
710 999 927 1059 cantu
958 976 1304 1084 finditque
1330 976 1589 1079 solum,
1620 980 2025 1079 Manesque
2053 952 2388 1079 sepulcris
2428 1003 2532 1076 4ς

577 1110 821 1203 Elicit,.
859 1127 932 1187 et
963 1104 1205 1211 tepido
1255 1104 1566 1209 deuocat
1602 1102 1750 1184 ofi'a
1787 1129 2051 1208 rogo

474 1240 628 1315 Iam
682 1252 902 1315 tenet
926 1233 1242 1314 infernas
1286 1237 1574 1333 magico
1621 1230 1914 1312 stridore
1978 1247 2328 1335 cateruas,

580 1367 731 1441 Iam
754 1362 997 1440 iubet.
1025 1358 1373 1462 adspersas
1410 1359 1593 1453 laete
1639 1358 1902 1437 referre
1940 1359 2222 1462 pedem.

365 1516 371 1528 ·
472 1491 676 1579 Cum
711 1490 904 1586 libet,
940 1488 1122 1567 haec
1163 1486 1331 1566 tristi
1372 1486 1659 1590 depellit
1694 1488 1932 1577 nubila
1981 1489 2223 1568 caelo:
2267 1574 2270 1577 ,

576 1619 776 1770 Cum
817 1616 1010 1716 libet,
1057 1613 1320 1694 aestiuo
1372 1631 1741 1695 conuocat
1782 1615 1961 1693 orbe
2006 1610 2233 1717 niues.

560 1888 855 1963 41.Nec
885 1899 1116 1953 tamen,
1159 1878 1200 1943 {i
1231 1879 1336 1944 vel
1357 1874 1474 1943 ma·

472 1974 631 2047 xime
660 1974 865 2050 aliquis
895 1975 1105 2049 loquax
1153 1970 1364 2039 fuerit,
1412 1988 1475 2031 et

474 2060 685 2120 marito
704 2057 857 2116 furta
888 2058 1076 2139 nostra
1104 2056 1471 2125 indicauerit,

473 2148 534 2207 ei
565 2145 766 2205 credet
780 2136 1049 2226 maritus:
1099 2161 1228 2209 eam,
1255 2142 1473 2202 aitvim

378 2238 391 2247 ”
471 2231 607 2290 fore
653 2229 920 2289 carminis
965 2228 1208 2305 magici,
1250 2229 1411 2304 quod
1439 2249 1472 2285 a

471 2330 636 2395 maga
707 2317 874 2373 valde
929 2312 1092 2372 dosta
1150 2314 1470 2388 acceperit;

468 2403 635 2482 quod
681 2401 722 2459 fi
766 2400 936 2459 Delia
982 2399 1470 2483 pronuntiauerit,

471 2489 515 2551 s
514 2490 755 2566 mulque
804 2486 871 2544 in
931 2485 1117 2543 smum
1164 2474 1471 2559 despuerit,

470 2586 841 2634 excaecatum
889 2570 1041 2649 quafi
1078 2570 1152 2630 iri
1199 2571 1470 2629 maritum

472 2663 640 2727 adeo,
669 2676 737 2715 vt
753 2658 902 2715 nihil
920 2658 1132 2716 videat.
1222 2660 1470 2715 Carmen

470 2749 588 2806 noc
617 2734 912 2808 interiisse,
951 2743 1122 2807 valde„
1152 2743 1469 2798 dolendum

473 2830 584 2889 'effe
617 2828 844 2888 dixeris.
930 2826 1022 2887 Est
1053 2843 1245 2884 autem
1260 2827 1468 2887 Tibul-

470 2919 596 2984 lus,
671 2931 739 2972 vt
775 2912 985 2970 caeteri
1042 2911 1212 2970 huius
1257 2911 1468 2969 saeculi

469 3010 699 3079 po‘e'tae,
744 2999 888 3057 adeo
920 2998 1134 3059 multus
1163 2998 1227 3054 in
1245 2999 1350 3054 hac
1376 2998 1466 3054 su-

469 3086 846 3164 perstitione,
890 3098 958 3140 vt'
991 3084 1314 3159 legentibus
1361 3103 1469 3140 no-

470 3174 560 3234 bis
596 3173 850 3265 taedium
879 3169 1071 3226 faciat.
1156 3169 1333 3235 Quod
1349 3169 1469 3225 for·-

470 3277 534 3318 te
584 3280 690 3326 eo,
731 3278 846 3334 quo
893 3255 1162 3319 viuebat,
1204 3270 1468 3326 tempore

470 3346 638 3403 aliter
665 3346 723 3402 se
739 3342 960 3401 habuit.
1048 3341 1209 3397 Sunt
1232 3358 1468 3420 quoque

470 3430 828 3509 prodigiosae
843 3430 950 3484 hae
965 3424 1320 3483 narrationes
1334 3426 1469 3482 hac·

469 3532 643 3587 tenus
689 3512 951 3588 poe'ticae
1008 3511 1329 3568 tractationi
1377 3524 1472 3567 aes

469 3602 886 3664 commodatae,
905 3598 918 3620 ⁴
934 3598 1092 3673 quod
1127 3613 1187 3652 et
1211 3597 1465 3655 miratio-

469 3706 551 3749 ne
594 3700 1000 3761 portentorum
1066 3682 1323 3740 animum
1378 3699 1465 3739 te-

467 3790 639 3839 nent,
685 3787 745 3831 et
769 3769 1066 3843 poeticum
1082 3785 1351 3825 ornatum
1367 3768 1464 3824 ad·

470 3861 734 3920 mittunt.

467 3958 875 4023 argumentum
904 3940 1020 3994 hoc
1049 3939 1337 4012 arripuere
1363 3957 1463 3994 eu-

467 4033 607 4110 pide
653 4047 715 4088 et
756 4047 864 4102 pro
905 4022 1161 4095 episodio
1193 4022 1324 4081 fere
1351 4040 1466 4080 tra

468 4114 742 4195 &nuez-e.
796 4114 867 4170 In
897 4128 961 4166 re
1007 4124 1200 4165 tamen
1250 4125 1463 4171 amato-

468 4199 581 4273 ria,
603 4217 673 4260 vt
672 4195 969 4277 procliuia
1012 4194 1086 4269 ad
1111 4193 1465 4275 superstitio-

816 3852 991 3910 Vnde
1034 3852 1230 3910 etiam
1252 3859 1474 3925 poetae-

2428 1641 2519 1712 ςο·

2368 1746 2548 1828 Sola

1539 1902 1680 1945 nem
1719 1884 1799 1945 est
1826 1885 2051 1949 animus
2086 1887 2287 1948 misere
2313 1906 2419 1949 aut
2444 1890 2537 1950 in-

1538 1971 1793 2033 feliciter
1822 1975 2092 2043 amantis„
2129 1977 2432 2051 probabile
2446 1976 2532 2046 fit,

1538 2078 1571 2117 a
1587 2060 1767 2133 captis
1792 2059 2195 2133 superstitione
2209 2062 2530 2131 mentibu&

1539 2164 1679 2221 quas
1714 2147 2013 2223 aegritudo
2057 2152 2119 2205 et
2159 2136 2531 2209 imbecillitas

1537 2226 1825 2309 fregerat,
1862 2251 2001 2289 vere
2043 2234 2187 2291 haec
2213 2233 2381 2292 fuiffe
2413 2255 2535 2294 cre-

1540 2317 1678 2383 dita,
1724 2336 1870 2395 quae
1903 2318 1975 2374 de
2006 2318 2401 2378 veneficarum
2432 2323 2532 2380 ha·

1538 2421 1669 2461 rum
1696 2402 1909 2463 artibus
1929 2442 1947 2469 ,
1983 2403 2053 2461 ad
2080 2405 2289 2464 veteris
2305 2420 2533 2485 necyo-

1538 2486 1790 2545 mantiae
1817 2488 2262 2548 aemulationem
2278 2529 2297 2558 ,
2343 2488 2535 2565 (inde

1540 2575 1700 2630 enim
1728 2573 2000 2650 pleraque
2017 2575 2197 2649 petita
2209 2577 2531 2655 videntur)

1536 2661 1715 2735 vulgo
1746 2663 2360 2729 commemorabantur.
2401 2665 2531 2722 Ad·

1539 2763 1730 2819 eoque
1757 2764 1869 2802 nec
1900 2746 2208 2808 Tibullum
2249 2749 2318 2806 ab
2349 2748 2528 2809 huius

1533 2828 1806 2887 stultitiae
1897 2834 2214 2905 opprobrio
2289 2835 2526 2895 liberari

1535 2914 1686 2991 poffe
1703 2915 1963 2974 arbitror.
1985 2919 2162 2989 Quod
2178 2920 2220 2976 fi
2233 2938 2298 2975 ea
2313 2938 2530 2992 autem,

1537 3019 1683 3077 quae
1729 3002 1826 3057 hic
1866 3001 2153 3070 intexuit,
2231 3023 2299 3067 ex
2344 3006 2527 3068 animi

1534 3086 1699 3144 sensu
1742 3103 1803 3142 et
1843 3087 2045 3147 affestu
2085 3090 2380 3163 apposuit,
2420 3092 2532 3167 sal·¹

1535 3186 1655 3228 tem
1667 3186 1737 3227 vt
1750 3180 1923 3244 po'e'ta
1938 3174 2087 3232 nihil
2101 3175 2389 3248 peccauitz
2409 3197 2527 3241 nee

1536 3256 1843 3332 quicquam
1887 3258 1953 3317 in
1987 3278 2057 3316 eo
2087 3262 2166 3317 est
2183 3300 2204 3327 „
2264 3264 2422 3339 quod
2455 3264 2524 3322 in

1534 3341 1636 3399 tali
1663 3345 1946 3411 carmine,
1994 3348 2150 3421 quod
2179 3347 2374 3405 sensus
2401 3350 2528 3407 ani-

1534 3426 1616 3484 mi
1642 3431 1900 3503 exponit,
1946 3448 2071 3487 non
2097 3451 2240 3488 vero
2252 3432 2527 3509 ingenio·

1533 3514 1591 3572 se
1616 3513 1894 3580 imitatur,
1927 3518 2275 3589 reprehendi
2291 3520 2477 3590 poffit.

1614 3616 1713 3670 45.
1744 3603 1845 3671 46.
1904 3602 2158 3659 Euocat-e
2186 3603 2369 3678 sagam
2403 3601 2528 3663 ani·-

1531 3703 1649 3748 mas
1728 3684 2084 3758 sepultorum
2126 3704 2189 3745 et
2246 3690 2524 3748 cadauera

1527 3787 1672 3866 rogo
1701 3769 1960 3844 impolita
1983 3774 2048 3830 in
2076 3773 2256 3857 vitam
2286 3793 2526 3834 reuoca·-

1528 3873 1593 3912 re
1624 3853 1720 3915 ait.
1753 3857 1832 3912 cf.
1861 3856 2017 3915 obss‘.

1615 3958 1719 4013 47.
1759 3934 2279 4023 magicostrr’dore)
2333 3945 2526 4002 Solle-

1530 4038 1668 4083 mne
1710 4029 2059 4085 vocabulum
2101 4029 2178 4088 de
2229 4048 2526 4088 murmure

1528 4109 1842 4263 ἓέοὴίαἰεε
1886 4114 2112 4251 magico
2155 4134 2216 4175 v·
2261 4114 2523 4181 Brouklx.
