2717 4767
501 275 507 283 .
611 197 991 257 ·-1.113R;
1042 202 1097 258 1.
1200 201 1675 259 ateana
1860 227 1863 234 ›
2116 207 2233 284 31

157 369 400 436 Sentiet
437 367 730 456 mustum
753 367 825 455 fe
859 390 923 453 p.
963 367 1026 433 d.
1067 368 1130 433 h.
1180 368 1291 433 suo
1331 388 1563 452 magno
1601 371 1770 435 malo
1806 372 1961 449 iter,
2017 372 2225 438 inuito

156 453 310 530 deo,
349 452 567 520 faciet.
626 457 699 519 In
731 457 791 520 su
842 476 945 520 .-v.
977 476 1095 539 pro
1120 456 1331 540 nequis
1354 458 1512 540 Reg.
1540 458 1809 541 neuquis.

337 560 449 621 23.
492 541 599 625 Isis
624 479 835 623 mihiff
869 542 961 605 Ita
991 542 1268 625 Scaliger
1293 541 1553 605 refinxit
1577 563 1655 604 ex
1685 555 1899 617 vetere
1931 541 2228 626 scriptura

161 629 329 712 apud
357 627 630 690 Statium
658 642 722 689 et
746 631 823 689 al.
866 626 967 692 Sic
994 641 1247 710 quoque
1274 619 1531 692 Coruin.
1619 629 1825 692 Antea
1853 629 2074 711 vbique
2101 631 2228 692 edi·
2302 699 2303 702 Ἴ

161 723 304 777 tum
345 712 468 774 tibi
483 754 501 784 ‚
554 710 636 775 fic
681 732 933 795 quoque
983 713 1137 796 Lips.
1181 724 1247 775 et
1293 711 1471 777 Rom.
1507 712 1584 793 fis
1617 711 1746 775 tibi.
1833 716 2022 787 Quod
2061 735 2229 778 nunc

159 818 296 863 non
334 795 532 879 video
574 819 685 864 cur
725 797 1048 881 displicere
1091 799 1396 861 debuerit.
1483 799 1646 862 Nam
1671 811 1751 861 et
1793 799 1923 881 ipsa
1944 800 2128 862 Delia
2166 799 2232 864 se

65 945 68 954 ,
158 883 266 948 sua
292 884 618 964 religione
649 884 737 948 nil
781 882 1109 966 profecifl'e
1135 883 1418 972 sidebat.
1500 882 1796 962 Ceterum
1825 883 2236 968 InterpreteS,

163 965 543 1034 Turnebum
581 969 851 1053 sequuti,
899 980 1237 1053 propterea
1262 967 1510 1033 Deliam
1545 971 1610 1033 in
1637 965 1810 1032 Ifidis
1853 970 2017 1045 cai-’cu
2046 969 2232 1033 fuiffe

169 1065 544 1130 autumant,
619 1068 690 1118 vt
736 1056 923 1132 deae,
992 1057 1061 1117 in
1110 1056 1287 1118 cuius
1322 1053 1451 1118 fide
1498 1073 1571 1117 ac
1621 1056 2232 1138 tutela,nauigantes

65 1223 68 1224 γ
168 1140 406 1215 essent,
478 1153 549 1205 vt
586 1144 670 1204 'ex
710 1152 870 1203 noto
914 1140 1169 1204 Luciani
1217 1142 1475 1223 dialogo
1512 1143 1816 1224 probant,
1883 1156 2233 1226 amatorem

65 1233 66 1240 ’
165 1225 348 1291 suum
380 1227 538 1288 mari
577 1227 698 1289 iter
734 1225 1044 1292 fafturum
1087 1230 1575 1292 commendaret.
1660 1226 1781 1292 Sed
1808 1227 2106 1311 nusquam
2137 1248 2234 1289 re-

164 1315 487 1397 perimus,
560 1310 781 1375 Isidem
832 1312 939 1376 ista
988 1322 1193 1375 aetate
1245 1312 1485 1376 Romae
1541 1333 1621 1376 eo
1684 1315 1942 1380 nomine
1996 1313 2232 1377 cultam

63 1455 66 1464 .
164 1397 389 1461 fuifl‘et
430 1395 775 1462 tantum'in
802 1397 1086 1461 curandis
1125 1399 1363 1461 morbis
1407 1413 1639 1481 potens
1679 1399 2034 1465 habebatur.
2122 1397 2232 1463 Ni·

168 1479 260 1547 hil
317 1482 618 1556 etiamh.
658 1484 701 1548 l.
762 1484 839 1545 de
879 1483 1163 1564 periculo
1202 1485 1550 1560 maritimO,
1622 1484 1688 1546 in
1732 1505 1858 1567 quo
1904 1487 2020 1548 dea
2061 1482 2232 1549 suam

169 1590 370 1652 opem
415 1566 742 1636 defiderari
781 1567 946 1652 pass'a
979 1565 1083 1645 fit,
1156 1569 1261 1633 sed
1291 1567 1374 1632 'de
1412 1570 1635 1632 morbo
1668 1573 1913 1652 agitur,
1978 1571 2233 1653 quicum

168 1651 576 1718 conflictatur
605 1662 825 1738 poeta3
869 1665 936 1717 et
961 1674 1019 1716 v.
1046 1669 1146 1733 27.
1177 1677 1257 1718 eo
1285 1656 1543 1718 nomine
1568 1656 1777 1720 laudat
1804 1659 2016 1732 deam,
2061 1653 2235 1738 quod

119 1789 132 1798 ,
166 1737 403 1806 mederi
431 1737 670 1823 poffit3-
700 1761 829 1802 non
857 1741 1026 1823 quod
1047 1741 1418 1824 nauigantes
1451 1741 1716 1804 seruare.
1799 1741 2020 1826 Neque
2049 1743 2235 1804 aliter

169 1826 522 1909 accipiebat
548 1825 851 1972 guidiuS,
901 1827 1101 1909 quiin
1131 1827 1440 1911 Epicedio
1462 1824 1704 1894 Tibulli
1733 1847 1792 1891 v.
1820 1842 1920 1909 33.
1944 1827 2108 1892 hunc
2138 1827 2236 1890 lo-

168 1932 315 1977 cum
349 1931 431 1973 ex
483 1931 547 1973 re
597 1923 680 1973 lt:
911 1921 914 1930 ‘
1648 1961 1659 1970 .
2143 1962 2149 1978 ,

438 1931 613 2080 {huid
647 2015 757 2060 vos
781 1993 974 2080 sacra
1008 1994 1282 2062 iuuant?
1397 1995 1508 2063 uid
1538 2017 1696 2062 nunc
1730 1996 2049 2082 Aegyptia
2085 2015 2238 2081 pro·

1367 2091 1477 2145 unt
2280 2119 2283 2126 ›

521 2163 772 2251 Sisini?
809 2163 960 2251 quid
991 2167 1057 2229 in
1086 2186 1276 2232 vacuo
1284 2018 1605 2254 [ζώνῃ
1632 2165 1821 2229 toro?

176 2254 478 2319 nimirum
505 2272 654 2316 cum
689 2252 885 2316 vester
917 2263 1157 2316 amator
1202 2253 1608 2318 nihilominus
1646 2274 1727 2315 ex
1778 2253 2000 2316 morbo
2036 2253 2237 2336 perie-

178 2341 282 2403 rit.
370 2338 556 2402 Haud
588 2340 770 2402 dubie
800 2337 1089 2402 Tibullus
1115 2360 1189 2401 ea
1219 2351 1506 2421 tempora
1532 2339 1812 2421 respicit,
1859 2360 2005 2414 cum
2035 2340 2237 2402 adhuc

176 2421 621 2501 Romaeefl'et,
665 2435 731 2487 et
761 2423 1007 2487 Deliam
1033 2425 1398 2506 frequenter
1424 2445 1541 2507 pro
1565 2424 1668 2487 sua
1692 2425 2016 2506 Vtriusque
2045 2423 2240 2487 salute

177 2508 321 2574 lfidi
352 2510 520 2572 sacra
545 2510 754 2574 facere
781 2510 1058 2578 videret:
1098 2510 1310 2592 itaque
1342 2512 1513 2573 addit
1543 2510 1738 2572 toties.
1782 2528 1897 2592 pro
1924 2505 2239 2591 aera'quiss

182 2596 326 2658 dam
351 2592 574 2679 ststra:
642 2597 814 2679 quod
866 2598 1001 2658 eius
1043 2595 1710 2682 interpretamentum,
1782 2614 2135 2678 quanquam
2171 2603 2245 2660 et.

183 2677 460 2748 Ouidius
486 2682 609 2743 hoc
635 2678 1004 2764 expreflit‘l.
1036 2680 1080 2746 l.
1707 2735 1710 2737 ,
1919 2702 1922 2708 ’
2151 2709 2159 2719 ·

362 2785 464 2848 25.
517 2760 791 2849 Quidue,
826 2767 928 2849 pie
961 2764 1110 2829 'dum
1148 2762 1336 2850 sacra
1374 2766 1546 2841 colis,
1594 2785 1860 2851 pureque
1908 2763 2118 2830 lauari
2161 2762 2242 2830 Te

181 2850 221 2933 (·
239 2848 537 2932 memini)
566 2860 625 2913 et
642 2872 800 2934 puro
817 2848 1133 2936 secubuff
1160 2849 1396 2936 τονοὲ]
1430 2854 1721 2927 “Μεηιίκι“,
1762 2863 1834 2916 vt
1854 2852 1978 2915 iam
2000 2850 2241 2916 Statius

186 2939 435 3012 voluit,
498 2958 641 3000 cum
681 2939 914 3022 Vulpio
953 2948 1004 2997 ἐν
1029 2945 1327 3012 παρενθέσοι
1368 2940 1579 3022 posui,
1623 2960 1766 3001 nam
1800 2958 1867 3001 re
1916 2938 2004 2999 eti
2052 2935 2242 3001 de'bet

188 3030 296 3086 εἴηὸ
320 3028 464 3085 κοινῧ
480 3020 757 3105 prodest.-
800 3045 872 3086 ea
902 3023 1151 3097 omifl'a,
1194 3027 1586 3106 iungendum
1623 3021 1811 3086 effet:
1917 3019 2094 3085 uidae
2123 3040 2263 3104 mes

188 3111 372 3181 mini,
415 3109 589 3191 quod
617 3111 822 3172 minus
862 3112 1195 3173 commode
1223 3110 1429 3173 fieret.
1515 3110 1587 3173 In
1621 3110 1841 3189 vulgg.
1871 3107 2009 3170 edd.
2039 3106 2243 3171 distin-

188 3199 505 3278 guebatur
540 3194 790 3257 vitiose:
852 3192 1088 3278 Quidue
1112 3196 1216 3277 pie
1241 3194 1384 3259 dum
1401 3192 1591 3277 sacra
1619 3194 1812 3256 colis?
1855 3210 2123 3275 pureque
2152 3190 2245 3254 la·-

67 3339 74 3348 ,
184 3282 332 3362 uari
380 3275 459 3342 Te
486 3281 727 3342 memini
760 3289 819 3343 et
841 3301 904 3362 p.
993 3281 1277 3354 Interea,
1321 3300 1578 3363 quoquo
1623 3290 1690 3341 te
1723 3287 1967 3352 vertaS‚
2012 3279 2082 3337 τδ
2119 3297 2245 3340 me-

183 3367 338 3429 mini
371 3361 612 3448 semper
638 3367 1086 3451 importunum,
1131 3381 1301 3431 certe
1333 3364 1606 3428 otiosum
1633 3364 1738 3428 est.
1820 3363 2247 3428 Coniiciebam

188 3451 562 3534 aliquando:
598 3471 865 3536 pureque
894 3450 1105 3518 lauari
1140 3453 1217 3516 Te
1248 3449 1554 3523 membra,
1596 3457 1656 3513 et
1684 3469 1751 3531 p.
1777 3449 2016 3512 Purum
2043 3455 2246 3514 torum

189 3540 378 3611 dixit,
424 3557 615 3620 quem
638 3537 903 3601 Ouidius
931 3556 1184 3602 vacuum
1210 3538 1421 3602 dicere
1440 3536 1575 3598 fere
1602 3535 1785 3611 solet,
1827 3544 1900 3599 vt
1922 3533 1963 3596 l.
1990 3533 2033 3596 1.
2064 3555 2121 3596 v.
2143 3548 2245 3613 34.

177 3621 417 3695 ‹cf.111,
447 3622 591 3686 Am.
636 3639 726 3692 ιε),
753 3639 810 3686 2.
897 3623 1140 3687 Deinde
1181 3644 1297 3707 pro
1338 3622 1480 3685 colis
1511 3622 1664 3703 Reg.
1697 3615 1900 3702 sack,
1941 3638 2056 3701 pro
2072 3616 2247 3703 secu·

192 3704 376 3791 buiffe
400 3702 756 3792 saccubmffi
782 3708 943 3772 haud
970 3709 1223 3773 insolito
1249 3728 1484 3773 errore.
1568 3705 2018 3789 Negligentius
2049 3706 2246 3782 omni-

191 3811 278 3858 no
325 3793 717 3866 elaboratum
743 3794 1075 3858 distichon:
1136 3798 1328 3859 etiam
1363 3790 1711 3868 interiectis
1753 3792 1910 3854 illisz
1957 3790 2060 3871 pie
2100 3787 2246 3850 dum
2306 3797 2311 3810 ’

176 3875 370 3963 sacra
406 3878 567 3940 cotis.
655 3879 907 3941 Poterat
945 3890 1152 3943 tamen
1191 3881 1468 3946 exarari:
1534 3873 1772 3962 Quidue
1800 3877 1902 3958 pie
1927 3872 2042 3938 tibi
2058 3870 2249 3957 sacra

189 3961 361 4027 coli?
419 3982 691 4051 pureque
730 3963 940 4029 lauari
982 3960 1066 4029 Te
1118 3977 1243 4038 ete.
1339 3960 1533 4043 Nulla
1586 3962 1852 4050 varietas
1900 3969 2116 4025 notata
2158 3956 2249 4022 est

215 4077 220 4098 ·
1283 4063 1288 4076 ¹
1432 4095 1439 4104 1
1997 4051 2253 4130 praeter
