2717 4767
391 183 396 188 ’
480 205 578 283 18
953 200 1463 270 oasnRvAT.
1507 213 1617 268 m
1680 215 2064 270 ‘r-1Bvu1

480 384 559 451 In
592 380 797 467 primo
825 379 1006 445 versu
1034 401 1151 466 pro
1185 400 1316 444 cum
1335 382 1451 446 Ed.
1465 369 1648 447 Rom.
1672 382 1855 449 habet
1881 381 2051 468 quin,
2092 382 2266 456 forte
2295 401 2417 467 pro
2440 380 2550 466 qui

486 469 593 534 in.-
633 470 698 531 in
728 463 932 530 altero
972 488 1088 549 pro
1123 464 1247 550 ff,
1289 467 1436 552 ipsa.
1524 466 1647 532 Sed
1677 469 2072 534 pentameter
2105 469 2296 533 variis
2333 468 2548 533 modis

491 553 787 628 effertfir;
828 554 893 615 in
926 554 1097 615 aliis:
1141 553 1259 634 (vt
1291 556 1357 617 in
1385 551 1693 632 Coruin.)
2007 623 2011 627 ,
2563 577 2580 585 ‘

747 636 893 702 Non
926 635 1075 702 mihi
1108 635 1273 701 ”offe
1300 640 1491 724 quies,
1532 658 1651 701 non
1682 634 1834 702 mihi
1859 633 2024 702 noste
2036 635 2248 722 pror.

492 724 602 792 vel
769 721 875 790 Ille
903 719 1048 786 deus
1081 730 1282 787 certae
1309 724 1423 789 dat
1462 721 1809 808 mihifig'na
1842 724 1997 787 viae.

492 810 600 875 vel
775 807 980 892 Vsque
1001 828 1196 873 meum
1226 810 1411 895 custos
1441 808 1530 873 ad
1554 808 1718 874 latus
1739 806 1951 894 haeret
1978 827 2176 875 amor.

495 897 603 967 vel
631 896 699 960 in
727 896 866 959 cod.
897 893 1091 958 Sfort.
1132 917 1165 957 a
1215 898 1294 958 ud
1326 891 1628 960 Statium}

751 978 1060 1061 Praesidio
1089 999 1165 1042 no
1220 982 1275 1043 is
1303 975 1503 1064 sentio
1532 976 1726 1130 adfiffe
1764 975 1961 1045 deam.

497 1088 559 1134 v.
593 1065 750 1131 Stat.
795 1075 862 1128 et
910 1063 1214 1130 Gebhard.
1260 1067 1336 1129 ad
1371 1066 1434 1129 h.
1477 1067 1519 1130 l.
1669 1087 1778 1129 aec
1815 1066 2080 1130 varietas
2132 1059 2376 1127 versum
2425 1064 2554 1148 iam

501 1154 658 1216 olim
691 1148 1030 1236 suspeftum
1056 1152 1325 1238 reddidit
1347 1152 1520 1219 Viris
1555 1149 1776 1216 dottis.
1859 1149 1995 1213 Iam
2020 1149 2302 1213 Pocchus
2326 1160 2394 1212 et
2414 1148 2553 1213 Sta-

499 1241 628 1303 tius
669 1234 996 1309 notarant,
1041 1237 1114 1300 ab
1146 1237 1435 1319 Autispa,
1490 1238 1748 1300 homine
1776 1234 1994 1308 Siculo
2014 1282 2035 1315 ,
2093 1238 2201 1319 qui
2237 1235 2377 1301 Sec.
2404 1231 2554 1300 XV.

500 1325 686 1400 vixit,
727 1333 795 1385 et
821 1322 1115 1403 Eugenio
1148 1321 1262 1390 IV.
1293 1323 1352 1385 Ρ.
1388 1324 1471 1385 Μ.
1509 1324 1581 1386 ab
1620 1322 1895 1407 epistolis
1928 1321 2137 1384 latinis
2163 1322 2304 1395 fuit,
2344 1320 2555 1394 illum,
2636 1359 2647 1366 -

385 1403 398 1422 χ
504 1430 697 1494 quem
749 1409 952 1491 primo
990 1408 1138 1471 loco
1187 1408 1540 1492 posuimuS,
1586 1403 2051 1472 pentametrum
2083 1406 2371 1471 Securum
2415 1405 2482 1465 in
2514 1413 2562 1469 t.
2660 1465 2661 1472 ,

503 1515 541 1558 a
563 1493 821 1557 Pontan.
838 1487 1051 1557 illum':
1103 1491 1305 1577 Vsque
1318 1514 1511 1557 meum
1533 1513 1578 1561 c.
1603 1492 1982 1577 suppositum
2012 1490 2154 1555 esse.
2178 1505 2255 1553 ‘v.
2274 1489 2559 1553 Broukh.

504 1579 582 1645 In
608 1578 764 1656 Cod.
788 1579 948 1662 Reg.
987 1578 1124 1662 post
1168 1580 1529 1662 longiorem
1560 1580 1801 1643 versum
1838 1579 1981 1641 ine:
2026 1574 2338 1661 Praesidio
2366 1571 2557 1637 noffls

507 1677 630 1729 etc.
690 1665 913 1728 deinde
943 1667 1136 1728 alter:
1194 1664 1480 1728 Securum
1508 1667 1571 1727 in
1599 1672 1642 1728 t.
1684 1679 1802 1728 ete.
1844 1663 2134 1746 ponitur:
2177 1662 2374 1725 sedin
2399 1680 2558 1723 mai:-
2631 1685 2641 1702 κ

426 1741 440 1820 s
506 1752 657 1835 gine
693 1751 767 1814 ab
800 1752 1015 1813 eadem
1040 1770 1227 1813 manu
1256 1753 1342 1813 ad¹
1363 1752 1678 1833 priorem:
1728 1749 1950 1812 Seneca
1971 1747 2059 1831 fic
2084 1745 2396 1832 suppleuit
2406 1767 2437 1817 ,·
2479 1744 2557 1809 ad

507 1838 809 1900 alterurn:
866 1831 1141 1919 Auruspa
1174 1854 1319 1898 vero
1357 1835 1467 1916 fic,
1527 1835 1900 1918 adscriptum
1929 1834 2034 1896 est.
2107 1833 2290 1897 Conf.
2336 1833 2417 1894 de
2457 1831 2557 1893 his
2660 1885 2661 1910 2

508 1921 773 1986 Praefat.
859 1920 956 1982 De
987 1942 1064 1982 eo
1091 1920 1285 2001 igitur
1323 1921 1594 1996 constat,
1640 1921 2105 1985 pentametrum
2132 1916 2252 1981 efl'e
2280 1925 2560 1990 κίβδηλον.

505 2007 631 2073 Sed
659 2007 807 2090 quid
837 2008 914 2069 de
941 2006 1330 2069 Hexametro
1375 2005 1707 2070 dicemus?
1754 2005 2012 2069 Sustulit
2048 2015 2114 2067 et
2141 2004 2325 2068 hunc
2367 2003 2559 2067 Scali-

550 2108 652 2168 ετ,
725 2089 1001 2154 Broukh.
1039 2100 1125 2153 ‘et
1169 2091 1408 2176 Vulpio
1453 2091 1949 2174 suffragantibuS.
2031 2092 2122 2154 At
2165 2088 2213 2152 fi
2250 2109 2461 2173 neque
2503 2090 2558 2153 is
2660 2119 2661 2122 ¹

395 2225 398 2234 .
498 2112 735 2246 lg‘oesstae
781 2177 903 2251 est,
975 2178 1297 2259 quomodo
1342 2180 1408 2240 in
1453 2188 1732 2242 mentem
1768 2177 1943 2246 venit
1995 2176 2559 2257 interpolatoribus

429 2307 438 2316 -
495 2260 963 2327 pentametrum
989 2260 1326 2345 supplere?
1383 2263 1528 2345 Ego
1566 2263 1721 2327 vero
1763 2279 1910 2325 eum
1939 2257 2177 2325 Tibulli
2205 2255 2368 2336 effe,
2407 2261 2555 2324 Pen-

499 2358 1087 2412 tametrumautem
1134 2346 1426 2410 excidifse
1463 2350 1744 2412 arbitror.
1828 2346 2175 2410 Confirmat
2216 2367 2320 2409 me
2361 2342 2557 2409 Guar-

502 2436 830 2508 nerianuS‚
873 2434 936 2496 in
966 2453 1091 2516 quo
1118 2431 1286 2495 solus
1322 2433 1534 2498 versus
1564 2436 1770 2520 prior,
1816 2432 1968 2496 teste
2002 2424 2264 2516 Vuspio,
2304 2430 2561 2513 legitur.

509 2519 591 2583 cf.
617 2519 728 2582 inf.
758 2521 834 2582 ad
860 2518 939 2594 Π,
974 2537 1032 2597 3,
1068 2537 1157 2596 14.
1185 2518 1299 2595 ΙΙΙ,
1330 2534 1386 2599 5,
1428 2537 1519 2599 17.
1605 2522 1803 2583 Aiunt
1828 2520 2018 2581 etiarn
2042 2518 2331 2582 Muretus
2360 2533 2427 2583 et
2455 2516 2559 2580 alii

507 2605 791 2669 lacunam
817 2624 934 2686 pro
972 2605 1371 2668 pentametro
1400 2604 1524 2667 esse
1554 2607 1617 2667 in
1651 2605 1991 2667 nonnulli&
2077 2602 2182 2667 Sic
2206 2606 2372 2686 apud
2409 2602 2557 2667 Oui·

419 2733 424 2742 «
508 2690 682 2753 diurn
710 2689 870 2751 haud
908 2689 1099 2750 semel
1135 2691 1395 2764 accidit,
1438 2701 1508 2752 vt
1549 2693 1706 2755 alius
1741 2694 2134 2753 Pentameter
2174 2687 2559 2754 substituere·
2658 2759 2659 2782 χ

495 2785 632 2851 tur,
673 2793 819 2837 cum
844 2793 1029 2836 verus
1061 2772 1403 2850 excidisset.
1530 2835 1535 2839 .
1727 2789 1735 2812 ‘
2440 2787 2450 2802 '

503 2939 570 3008 H
682 2876 718 2923 2
729 2874 786 3005 51.
830 2850 1177 3007 succurrat]
1245 2856 1401 2940 Reg.
1427 2868 1743 2934 accurrat,
1801 2862 2106 2966 impetum
2130 2871 2202 2923 vt
2228 2855 2565 2942 fignificet.

572 2955 726 3009 orat.
779 2989 800 3020 ‚
875 2956 954 3007 at.
987 2960 1050 3025 9,
1086 2959 1141 3023 3.
1395 2961 1407 2976 ”
2408 2971 2414 2978 ·

741 3026 1053 3091 'Accurrit
1086 3025 1336 3112 quidam
1367 3038 1546 3093 notus
1578 3026 1732 3096 mihi
1758 3029 1996 3096 nomine
2024 3035 2288 3098 tantum·

508 3114 695 3181 Ouid.
720 3113 873 3178 Fast.
905 3113 985 3189 11,
1019 3130 1158 3194 372.
1472 3121 1483 3138 ³

435 3266 444 3272 ,
768 3233 850 3250 -
880 3265 887 3273 ,
939 3196 1182 3283 accursu
1201 3198 1446 3282 praeda
1470 3207 1708 3284 recepta
1744 3197 1933 3263 Remi.
2656 3255 2657 3270 ,

513 3285 619 3354 vbi
651 3286 717 3347 in
757 3284 894 3347 aliis
926 3283 1180 3367 occursu.
1272 3285 1512 3350 Similia
1538 3288 1712 3362 loca,
1751 3287 1817 3347 in
1856 3285 2078 3368 quibus
2105 3283 2354 3350 variant
2380 3280 2563 3348 codi-

513 3390 658 3447 ceS,
705 3368 1013 3452 congessit
1039 3369 1248 3433 Heius.
1278 3372 1363 3434 ibi
1393 3384 1460 3435 et
1487 3375 1563 3435 ad
1587 3372 1638 3436 F
1639 3372 1741 3436 ast.
1771 3369 1885 3447 111,
1913 3388 2058 3452 757.

689 3456 789 3518 26.
851 3463 962 3517 aut
983 3459 1171 3536 rapta
1196 3457 1479 3536 praemia
1510 3456 1662 3541 veste
1693 3454 1910 3538 petat]
1963 3451 2242 3517 Broukh.
2271 3453 2562 3539 reposue-

515 3550 614 3604 rat
641 3539 818 3621 ferat
855 3558 971 3621 pro
1011 3548 1187 3620 petat
1200 3562 1229 3611 ,-
1281 3541 1541 3606 retinuit
1573 3543 1667 3604 Cl.
1693 3541 1997 3624 Vulpius·:
2041 3541 2144 3603 sed
2184 3536 2563 3604 auftoritate

507 3627 784 3691 duorum
824 3636 1070 3687 tantum
1105 3626 1408 3689 iibrorum
1452 3641 1517 3690 et
1555 3630 1805 3710 quidem
1847 3627 2248 3688 recentium·
2303 3624 2565 3693 Variant

473 3709 695 3793 ··saepe
720 3710 874 3773 haec
899 3712 1024 3772 duo
1053 3713 1257 3772 verba.
1301 3732 1359 3774 v.
1387 3712 1716 3776 Burmann.
1745 3713 1824 3775 ad
1852 3711 2043 3775 Ouid.
2058 3710 2139 3782 V.
2170 3709 2356 3775 Trist.
2378 3718 2440 3787 8,
2464 3725 2558 3789 30.
2636 3769 2641 3772 .

512 3807 579 3859 et
604 3799 680 3859 ad
698 3795 833 3858 Ibin
861 3816 917 3858 v.
941 3813 1041 3858 20.
1071 3796 1173 3857 vbi
1193 3797 1349 3875 petit
1380 3796 1552 3860 rette
1578 3807 1812 3860 tuetur.
1868 3858 1875 3866 ,
1898 3797 2021 3861 Sed
2044 3797 2336 3879 praemia
2360 3804 2581 3877 petere,
2654 3839 2655 3846 κ

507 3877 708 3944 τετὶυὲ
744 3883 1021 3943 occurrit
1059 3881 1294 3955 alteru,
1323 3881 1609 3965 ideoque
1647 3883 2065 3944 retinendum.
2147 3881 2450 3950 Occurrit
2474 3887 2558 3944 ta·
2654 3923 2655 3964 3

453 3977 460 3988 .
500 3985 650 4072 men
677 3986 810 4033 v-.c.
835 3967 1005 4050 apud
1029 3965 1309 4047 Prope-rt.
1324 3963 1442 4058 ΙΙΙ,
1479 3986 1503 4031 1
1521 3986 1575 4048 1,
1602 3967 1704 4052 46.
1731 3965 1883 4051 Sup.
1904 3965 2009 4076 El.
2039 3986 2109 4059 1..-
2124 3981 2231 4049 34.
2464 4046 2559 4115 Β,

2650 4329 2653 4348 A

2642 4447 2653 4720 ὦ
