2717 4767
371 290 639 365 xxvm
972 305 979 316 ·
1101 277 1251 363 'nn
1296 307 1681 366 ‘navus
1799 323 1808 336 .

354 475 645 575 stola-iu
660 483 947 571 'mortem
985 459 1259 549 Rham.
1302 480 1479 555 Sext.
1511 479 1780 558 Amziz’
1809 477 2480 584 Propcr'tii‘elegt‘aes

374 587 456 655 Js
498 583 693 654 codex
730 578 907 653 XV.
943 579 1160 675 ficulo
1202 597 1521 656 exaratus
1562 587 1841 657 uidetur.
1943 585 2243 659 Eundem
2283 594 2453 661 inter

326 709 331 720 ·
370 688 567 762 MSS.
601 681 753 755 bibl.
785 681 1195 758 Colbertinae
1221 711 1286 761 n.
1317 689 1518 781 6479.
1550 707 2033 764 commemorat
2059 687 2446 767 Montefalc.

420 812 642 871 .1014.
817 851 830 868 .
1134 827 1147 842 .
1312 809 1337 820 “·
1787 809 1798 814 “
2149 817 2158 824 ’
2421 841 2426 846 -

370 817 420 936 ·P
516 895 596 964 In
639 890 1025 968 bibliotheca
1063 889 1255 967 Card.
1294 894 1636 990 Radulpha·
1649 950 1671 982 ,
1709 923 1873 998 quae
1913 923 2090 972 nunc
2131 904 2204 971 in
2234 903 2441 1000 Regia

370 995 483 1083 est,
520 992 735 1067 laudat
761 993 943 1069 idem
965 1026 1031 1098 p.
1053 1013 1206 1091 780.
2167 1007 2170 1010 ’
2423 1039 2432 1044 -

368 1157 379 1168 .
517 1127 583 1174 n.
612 1121 710 1188 43.
773 1101 1038 1186 Tibulli,
1082 1100 1335 1177 Catani
1367 1116 1433 1177 et
1465 1100 2081 1201 Propertiioperu
2131 1111 2240 1207 qui
2265 1102 2440 1180 forte

366 1205 1114 1303 οῆὼΚἯὴηγῳα
2396 1221 2424 1289 ᾗ

514 1312 595 1381 In
635 1309 1021 1383 bibliotheca
1078 1309 1427 1394 Thuanea,
1477 1336 1640 1412 quae
1677 1340 1849 1385 nunc
1892 1311 2258 1385 maximam
2298 1311 2437 1413 par-

365 1432 503 1498 tem
547 1417 622 1484 in
669 1419 948 1513 Regiam
1003 1413 1331 1501 translata,
1405 1418 1479 1489 in
1532 1414 1734 1489 Catal.
1774 1416 1925 1489 bibl.
1958 1419 2223 1492 Thuan.
2269 1423 2437 1492 inter
2519 1485 2524 1494 .

359 1520 557 1596 MSS.
604 1543 666 1615 p.
690 1527 843 1604 4⁶4·

386 1651 395 1656 ·
518 1621 847 1705 Tibullus,
886 1624 1294 1715 Propertius
1320 1625 1397 1693 in
1426 1625 1509 1692 16.
1560 1627 1672 1723 qui
1698 1617 1943 1696 videtur
1968 1618 2095 1695 esse
2119 1628 2192 1709 is,
2237 1651 2432 1725 quem

362 1729 673 1820 Guyetus,
716 1722 1082 1825 ingeniosus
1114 1724 1356 1810 Gallus,
1408 1722 1691 1799 versauit.
2079 1749 2085 1760 ·
2231 1753 2248 1770 ³
2392 1729 2426 1786 Μ

512 1834 621 1901 An
665 1835 737 1901 in
792 1835 1176 1903 Germaniae
1237 1828 1641 1903 bibliothecis
1685 1828 1946 1902 Tibulli
2001 1857 2154 1903 cum
2212 1836 2430 1903 ceteris

361 1931 833 2033 elegiographis
867 1939 1157 2006 carmina
1196 1933 1496 2019 laterent,
1545 1961 1687 2006 non
1715 1931 1854 2006 satis
1883 1939 2012 2006 otii·
2028 1953 2192 2019 erat,
2219 1954 2309 2007 -vt
2333 1939 2429 2007 in..

359 2043 703 2139 quirerem.
807 2037 1135 2110 Catullum
1166 2065 1317 2113 cum
1351 2038 1630 2111 Tibullo
1656 2041 1731 2110 in*
1772 2039 2160 2112 membrana
2183 2036 2428 2112 Gudius

356 2143 600 2226 habuit,
641 2140 1348 2241 Guelpherbytumille
1376 2138 1548 2215 forte
1575 2141 1921 2215 translatus.
2032 2199 2037 2205 .

516 2251 614 2318 Ex
655 2249 752 2318 his
783 2244 1105 2318 codicibus
1144 2273 1394 2319 nouam
1437 2248 1910 2324 aberrationum
1949 2264 2011 2319 et
2049 2253 2427 2322 variantium

355 2348 719 2425 lectionum
750 2346 1142 2451 farraginem
1185 2356 1455 2450 congeri
1484 2347 1665 2450 posse
1708 2377 1846 2422 non
1885 2348 2143 2439 dubit03
2198 2375 2428 2424 vereor

355 2475 613 2537 tamen,
676 2471 745 2527 vt
787 2458 918 2527 hoc
960 2481 1281 2555 magnum
1325 2452 1410 2526 ad
1451 2454 1705 2527 Tibulli
1742 2454 2096 2529 lectionem
2135 2449 2423 2531 frustum

355 2560 719 2636 habiturum
753 2556 848 2631 fit.
950 2560 1168 2659 Itaque
1212 2557 1352 2631 non
1388 2585 1612 2657 aegre,
1661 2566 1962 2632 maxima⁴
1987 2577 2156 2632 certe
2190 2587 2422 2634 eorum

353 2684 551 2764 parte,
593 2664 966 2747 carebimus,
1017 2690 1167 2734 cum
1199 2689 1431 2735 omnes
1456 2658 1592 2737 fere
1622 2670 1997 2736 recentiores
2030 2662 2174 2751 suit,
2212 2689 2420 2767 neque

353 2772 702 2871 quicquam
743 2764 1047 2866 praeclari
1087 2766 1530 2866 polliceantur.

509 2874 793 2943 Veniunt
836 2876 908 2942 in
944 2867 1245 2966 codicum
1287 2867 1550 2943 censum
1591 2877 1786 2943 'etiam
1832 2866 2185 2955 editiones,
2231 2877 2417 2946 variis

349 2974 733 3050 lectionibus
780 3002 821 3046 e
859 2973 1036 3048 libris
1081 2972 1318 3075 scriptis
1361 2982 1668 3073 excerptis
1704 2974 1785 3046 ad
1830 2980 2194 3078 marginem
2241 2994 2420 3048 nota-

350 3099 486 3156 tae:
540 3081 757 3181 quibus
799 3098 1016 3152 tamen
1059 3106 1206 3153 raro
1248 3077 1500 3178 magna
1527 3078 1692 3151 fides
1712 3079 1898 3151 tribui
1932 3078 2170 3178 potest,
2218 3099 2286 3154 vt
2321 3076 2415 3152 su·
2491 3117 2496 3120 Α

348 3187 465 3286 pra
505 3189 655 3256 iam'
686 3188 1015 3257 monitum
1065 3184 1170 3258 est.
1272 3179 1673 3257 Transscribi
1722 3179 1857 3255 fere
1906 3183 2214 3256 lectiones
2265 3181 2415 3257 illae

347 3310 674 3390 excerptae
720 3316 797 3362 ex
826 3315 959 3362 vno
998 3287 1071 3361 in
1108 3288 1382 3360 alterum
1425 3286 1754 3387 exemplar
1798 3284 2037 3371 solent,
2087 3314 2226 3359 non
2268 3285 2412 3360 satis

347 3391 719 3494 diligenter3
782 3389 1211 3465 admiscentur
1239 3390 1399 3477 alia,
1454 3390 1561 3465 aut
1598 3387 2031 3466 rescinduntur
2058 3390 2410 3481 nonnulla3

345 3501 422 3571 T
423 3503 540 3570 um
568 3486 725 3570 fides
751 3517 815 3570 et
844 3502 1117 3597 pretium
1137 3554 1157 3580 ‚
1204 3494 1379 3598 quod
1423 3503 1498 3568 iis
1537 3496 1717 3568 statui
1756 3483 1975 3577 debet,
2025 3521 2062 3565 a
2094 3491 2408 3581 doetrina,

347 3628 499 3676 cura
527 3629 600 3672 ac
632 3599 760 3673 fide
794 3607 923 3673 eius
959 3600 1235 3701 pendet,
1274 3606 1384 3701 qui
1432 3605 1676 3698 primus
1717 3624 1753 3667 e
1777 3592 2003 3670 codice
2045 3598 2261 3701 aliquo
2304 3626 2410 3674 eas

345 3711 607 3780 notauit.
710 3710 795 3778 At
824 3705 1023 3780 libros
1057 3688 1320 3805 scriptos
1349 3702 1542 3800 docte
1577 3730 1651 3774 ac
1691 3706 1807 3772 rite
1847 3698 2177 3789 conferre,
2230 3701 2406 3804 quod

343 3808 544 3911 vulgo
579 3814 1002 3910 vnusquisque
1030 3814 1099 3880 in
1125 3804 1189 3880 se
1217 3812 1477 3907 recipit,
1514 3832 1611 3878 res
1639 3804 1727 3876 est
1766 3833 2043 3905 magnae
2071 3804 2403 3881 doctrinae

343 3933 408 3985 et
460 3917 706 4011 ingenii
760 3912 981 3986 multis
1038 3917 1350 4014 variisque
1403 3910 1623 3983 litteris
1673 3906 1894 3983 versati
1938 3901 2403 4013 sagacitatisque

342 4042 484 4092 non
509 4015 820 4114 vulgaris3
870 4021 1170 4114 inprimis
1204 4034 1416 4087 autem
1449 4017 1592 4088 artis
1619 4011 2108 4112 diplomaticae,
2150 4021 2405 4089 criticae

208 4143 215 4150 ·
340 4145 421 4192 ac
448 4119 806 4205 litterariae,
838 4124 1064 4193 notitia
1087 4120 1416 4193 imbutum
1448 4113 1580 4190 effe*
1600 4144 1761 4219 opus
1788 4117 1877 4200 est
1908 4144 2083 4204 eum,
2126 4125 2262 4222 qui,
2311 4118 2401 4207 id,

2230 4221 2408 4327 quod
