2717 4767
448 239 594 317 =32
777 271 786 276 -
858 231 864 238 ·
976 221 1478 289 OBSERVAT.
1529 228 1636 281 IN
1680 215 2063 287 'TJBVLILI

475 408 737 553 Praeti}-
757 396 916 463 Exc.
940 395 1107 482 Lips.
1143 393 1333 460 deum
1367 392 1511 458 dum
1535 389 1595 478 s
1639 393 1874 457 ferrem
1902 391 1948 458 fi
1979 391 2160 461 effet:
2206 390 2360 462 deae
2384 393 2554 462 dum.

516 488 616 554 cil.
721 487 834 549 dis.
1287 511 1296 519 -
1960 547 1975 576 ᾖ
2104 505 2108 514 ·

488 639 624 724 nas.
654 567 963 721 313„ss
966 557 2418 733 fflzffzmssffizf'gssffssetz'}{mia
2429 564 2530 629 Ed
2532 609 2555 676 -‘

473 783 480 787 -
664 756 768 825 29.
818 737 905 804 Vt
926 756 1061 801 mea
1095 733 1341 818 votivas
1373 729 1715 817 pet-soluens
1744 733 1931 799 Delia
1953 754 2123 798 voces
2152 732 2285 817 A.]
2321 732 2559 818 persol-

486 835 604 896 vat
625 825 884 891 Coruin.
930 833 1000 886 et
1035 820 1117 885 fic
1159 820 1349 890 multi
1393 820 1540 883 libb.
1600 815 1769 882 Tum
1810 821 2058 884 votiuas
2101 840 2311 884 voces.-
2390 823 2559 885 haec

489 912 780 980 constans
838 908 923 973 est
973 908 1277 971 librorum
1321 902 1591 979 fecii-‚iob
1635 907 2032 971 et'videntur
2088 925 2259 970 voces
2295 909 2556 974 votivae

488 987 691 1064 dietae
734 1006 805 1062 vt
851 987 1061 1080 preces
1099 992 1342 1055 votiuae
1379 1010 1496 1075 pro
1536 1000 1694 1054 voto
1737 990 1939 1076 ipsc,
1982 993 2154 1074 quod
2206 995 2366 1056 bene
2408 1012 2554 1078 per-

486 1085 653 1149 solui
696 1082 960 1146 dicitur:
1029 1099 1174 1144 nam
1207 1095 1379 1139 voces
1419 1078 1499 1140 de
1534 1075 1788 1160 hymnis
1827 1096 1973 1139 cum
2009 1077 2212 1143 Statio
2259 1080 2558 1164 accipere

486 1171 710 1237 nolim.
751 1224 754 1232 .
797 1165 1075 1249 Scaliger
1113 1172 1325 1227 tamen
1363 1183 1398 1225 e
1426 1159 1823 1237 conieftura,
1867 1162 2010 1227 satis
2056 1164 2396 1246 probabili,
2453 1183 2554 1228 re-

317 1326 323 1335 ,
359 1320 374 1326 N
515 1255 699 1319 'osuit
733 1249 945 1323 n'ost'eS.
1029 1247 1205 1314 Haec
1236 1248 1374 1311 -duo
1416 1248 1720 1313 vocabula
1766 1246 1947 1330 saepe
1985 1250 2268 1332 permuta
2316 1260 2444 1317 tur.
2486 1272 2556 1314 v.

483 1267 698 1409 {leinfi
739 1341 818 1403 ad
866 1337 1052 1403 Ouid.
1085 1334 1198 1408 VI,
1232 1332 1383 1397 Fast.
1419 1350 1556 1411 140.
1594 1331 1680 1407 ΙΙ,
1706 1332 2019 1412 Art.(308.
2080 1336 2181 1398 vbi
2312 1339 2556 1418 lgatam

532 1426 813 1507 raefem,
833 1423 1064 1487 ²Bnrm.
1094 1422 1174 1485 ad'
1200 1418 1383 1503 Epist.
1416 1418 1529 1493 ΙΙΙ,
1567 1438 1588 1481 ι
1609 1417 1699 1483 16.
1747 1430 1813 1481 et
1842 1418 2118 1482 Broukh.
2152 1423 2229 1483 ad
2259 1421 2557 1506 Propert-

525 1513 597 1592 11,
629 1530 687 1596 5,
722 1527 826 1576 20.
908 1508 1009 1573 Ita
1046 1503 1113 1570 in
1154 1505 1439 1588 Propert.
1468 1504 1580 1579 IV,
1606 1512 1670 1581 8,
1699 1502 1800 1569 60.
1841 1505 2130 1569 lubenter
2156 1507 2470 1590 legerimr

752 1594 965 1660 Omnis
991 1600 1049 1657 et
1083 1589 1312 1675 insana
1329 1586 1554 1674 semita
1582 1607 1720 1651 voce
1748 1586 1954 1673 sonat.
2484 1623 2492 1632 =

482 1683 777 1766 Vulpius
801 1690 1024 1745 neutra
1064 1677 1363 1748 leffioneff
1382 1685 1752 1749 contentus,
1798 1696 1878 1736 ex
1902 1677 2160 1757 ingenio
2183 1691 2422 1758 poenas
2448 1699 2550 1742 re·

483 1769 811 1854 posuerat:
870 1766 1040 1850 quod
1080 1761 1316 1828 faktut‘n
1355 1760 1576 1823 nolim.
1633 1779 1752 1843 pro
1791 1767 1861 1822 vt
1898 1761 2053 1845 Reg.
2100 1763 2426 1827 cum'aliis
2467 1773 2551 1840 et,

349 1911 360 1922 ,
484 1855 805 1939 frequenti
847 1871 1098 1915 errore:
1143 1848 1249 1931 qui
1275 1847 1467 1909 etiam
1495 1847 1560 1908 in
1594 1844 1941 1930 Propert.I,
1960 1864 2021 1924 2,
2058 1866 2152 1913 ιο.
2181 1849 2550 1916 commifl'us

483 1942 756 2006 videtur.
838 1935 1028 2002 Certe
1057 1956 1135 1998 eo
1171 1936 1318 1998 loco
1350 1927 1578 1995 inelius
1614 1930 1833 2012 leges:
2060 1965 2069 1970 ἡ

495 2035 502 2043 “
747 2023 834 2089 Vt
862 2023 1113 2087 veniant
1134 2017 1390 2083 hederae
1414 2014 1633 2106 sponte
1651 2014 1769 2098 sua
1791 2016 2044 2080 melius!

656 2124 692 2189 3
703 2127 761 2193 3.
804 2107 901 2175 At
927 2105 1124 2192 mihi]
1170 2125 1331 2171 vnus
1377 2103 1536 2170 Stat.
1573 2100 1672 2167 Ac
1709 2113 1776 2167 et
1808 2105 1875 2168 in
1906 2123 2106 2187 marg.
2133 2103 2297 2181 Fac,
2340 2106 2548 2171 inanis

484 2197 819 2281 argutiola.
1716 2189 1720 2196 ’
2145 2233 2149 2244 ·
2412 2261 2425 2270 ,

493 2297 500 2302 ’
659 2298 762 2364 34.
806 2278 1113 2366 menstrua
1140 2270 1333 2356 tura]
1378 2273 1525 2338 Duo
1561 2293 1659 2358 ap.
1685 2274 1962 2340 Broukh.
1996 2281 2143 2340 eum
2172 2272 2436 2341 Coruin.
2461 2277 2546 2355 id,

484 2370 803 2455 quod'iam
830 2368 1114 2440 Muretus
1150 2365 1217 2427 in
1259 2362 1398 2424 aliis
1443 2359 1567 2423 efl'e
1597 2361 1786 2434 dixit,
1830 2361 2060 2427 habent
2088 2358 2391 2444 mastulcq,
2436 2366 2546 2427 mi-

481 2475 603 2520 nus
626 2456 789 2519 bene
816 2453 941 2516 hoc
973 2452 1144 2526 loco,
1188 2467 1315 2532 quo
1342 2448 1421 2510 ad
1448 2447 1777 2528 religionis
1801 2444 2327 2529 fignificationem
2351 2449 2547 2527 valet,

483 2543 656 2626 quod
682 2537 937 2620 fingulis
966 2534 1271 2601 menfibus
1298 2532 1560 2596 Laribus
1589 2532 1754 2596 sacra
1778 2533 1932 2595 facit
1963 2535 2207 2617 poe’taz·
2234 2554 2424 2596 more
2448 2555 2546 2597 re-

481 2619 853 2708 ligiosorum
879 2624 1239 2692 hominum,
1284 2622 1393 2702 qui
1418 2617 1676 2700 lingulis
1705 2615 2010 2681 menfibus
2043 2631 2109 2682 et
2135 2614 2398 2710 quidem
2439 2620 2543 2684 sub

481 2711 881 2777 nouilunium
917 2708 1176 2772 Laribus
1227 2704 1526 2767 litabant:
1596 2714 1666 2765 vt
1706 2724 1784 2765 ex
1825 2703 2095 2767 Horatio
2142 2705 2392 2770 constat
2430 2705 2543 2782 ΙΙΙ,

481 2791 685 2859 Carm.
720 2810 825 2874 23,
860 2811 914 2858 ι.
978 2789 1151 2856 Caelo
1173 2785 1436 2872 supinas
1458 2786 1520 2871 st
1557 2787 1768 2850 tuleris
1804 2808 2011 2870 preces
2037 2800 2161 2853 etc.
2217 2789 2374 2875 Sup.
2409 2813 2542 2857 ver-

480 2880 573 2959 su,
616 2900 733 2963 pro
755 2877 1032 2961 patrios,·
1051 2875 1310 2957 primos,
1339 2872 1453 2936 Ed.
1482 2871 1783 2937 Romana.
2324 2933 2334 2942 ,
2373 2887 2381 2894 ·

656 2982 756 3046 37.
806 2965 989 3047 pinus
1031 2956 1422 3042 contemserat
1455 2954 1699 3039 vndas]
1760 2958 1994 3041 Regius
2035 2967 2427 3038 contexerat,
2470 2971 2541 3027 vt

480 3059 548 3117 et
576 3050 681 3114 alii
708 3069 800 3135 ap.
830 3046 1108 3114 Brbukh.
1145 3046 1320 3128 quod·
1356 3063 1470 3107 eos
1504 3044 1675 3107 forte
1718 3065 1791 3130 ea
1820 3064 1900 3106 ex
1933 3044 2134 3108 cauffa
2173 3051 2540 3133 occupauit,

475 3137 620 3220 quia
651 3144 854 3200 texere
881 3144 948 3204 et
978 3138 1288 3196 contexere
1325 3128 1504 3213 saepe
1530 3131 1614 3192 de
1646 3132 1897 3193 nauium
1931 3130 2235 3208 strustura
2273 3136 2539 3199 dicitur:

474 3221 790 3285 vt‘Ouidii
815 3221 955 3285 illa:
1001 3218 1196 3282 Pinea
1222 3221 1394 3279 texta
1409 3212 1658 3297 sonant,
1742 3215 1995 3282 Vellem
2029 3219 2267 3301 vtique,
2315 3232 2391 3284 vt
2420 3221 2538 3284 aiia

475 3304 672 3371 lestio
716 3310 795 3370 ad
832 3325 1087 3369 manum
1117 3299 1302 3365 effet:
1333 3321 1490 3364 ¹nam
1533 3301 1793 3383 vulgata
1827 3320 1944 3385 pro
1986 3300 2222 3367 Tibulli
2248 3304 2540 3392 fimplici·

373 3395 378 3400 “
473 3397 609 3455 'tate
661 3392 813 3455 mihi
851 3393 1034 3454 nimis
1078 3392 1288 3471 grauis
1343 3396 1413 3457 et
1452 3387 1782 3468 magnifica
1826 3389 2110 3466 videtur3
2177 3409 2538 3478 quanquam

357 3522 360 3527 -
472 3493 607 3542 non
629 3469 833 3559 magis
864 3476 1074 3539 tenuia
1100 3474 1214 3548 illa,
1234 3472 1447 3534 Ouidii
1462 3474 1628 3534 Met.
1645 3472 1694 3546 Ι,
1732 3489 1870 3553 134.

729 3556 1031 3625 Ftufflbus
1072 3557 1302 3640 ignotis
1327 3553 1692 3639 insultauere
1720 3557 1986 3623 caninae.

405 3701 412 3706 ,
647 3662 752 3726 4ο.
802 3642 1098 3730 prffrat
1122 3649 1379 3707 externa
1416 3642 1636 3706 nauita
1674 3662 1864 3706 merce
1897 3640 2142 3727 ratem]
2196 3642 2328 3707 hoc
2358 3643 2535 3714 sensu

472 3730 715 3815 accipio
758 3731 1012 3812 Virgilii
1047 3726 1162 3794 Ge.
1191 3726 1244 3803 I,
1278 3738 1423 3808 303·
1462 3723 1695 3811 preffas
1739 3728 2021 3806 carinas,
2078 3730 2218 3806 vbi,
2264 3740 2339 3794 vt
2380 3731 2532 3794 Bur·

468 3817 683 3880 manni
710 3816 1083 3879 dubitationi
1112 3821 1514 3886 occurratur,
1565 3814 1697 3896 legi
1722 3812 1958 3897 pofl'et,
2010 3812 2313 3898 prensae:
2370 3803 2529 3899 quae

393 3935 398 3941 ⁸
468 3898 942 4052 exffmocemfi,
975 3900 1164 3963 maris
1207 3897 1506 3985 periculo·
1528 3898 1740 3964 saluae
1788 3899 2076 3966 evasere:
2147 3899 2256 3966 sed
2292 3902 2392 3966 nil
2428 3921 2530 3965 ne·
2652 3943 2653 3950 κ

467 4005 545 4053 ce
598 4007 658 4054 eo
761 4017 769 4029 ¹
1831 4019 1836 4026 '
1912 4015 1923 4031 ‘
2242 4035 2245 4040 ·

2224 4085 2373 4157 ¹47·
2393 4069 2543 4144 Nou
2651 4063 2653 4158 j
