2717 4767
585 209 720 288 30-
822 241 827 254 .
995 197 1536 274 Α(1118131117111.
1606 209 1711 284 n<
1779 209 2154 267 Tlssvtu

476 445 480 450 ,
583 374 860 460 aliquem
889 374 968 438 de
1012 374 1256 459 templo
1283 374 1619 458 Fortunae.
1714 375 1830 439 Ter
1866 396 2020 439 vero
2053 373 2291 476 sustulit
2309 380 2382 443 sc.
2408 401 2478 444 ex
2498 404 2575 447 vr-

581 482 666 524 na
702 462 763 524 h.
801 453 1011 536 duxit,
1049 462 1194 544 quia
1233 462 1490 524 tertium
1532 462 1780 523 demum
1812 480 1999 524 omen
2040 467 2242 543 priora
2275 463 2574 533 confirmat.

497 585 500 592 -
580 546 677 616 Cl.
720 541 993 629 Vulpius
1033 547 1300 610 alterum
1347 544 1595 609 versum
1631 547 1709 609 ad
1744 546 2195 628 Praenestinam,
2247 549 2483 614 alterum
2515 554 2577 616 ad

581 634 879 713 vulgares
908 628 1110 695 sortes
1139 629 1383 696 trahite·
1418 634 1587 715 quod
1614 628 1847 695 factum
1873 632 2126 694 nollem.

671 717 902 782 Fateor
926 728 1133 784 tamen
1163 737 1329 779 nunc
1353 736 1573 799 parum
1601 737 1703 780 me
1745 715 1979 794 abesse,
2035 720 2178 801 quin
2211 718 2465 783 virorum
2489 722 2573 784 do·

580 799 832 868 &orum
865 802 1371 866 emendationem
1412 822 1544 864 non
1577 805 1771 865 modo
1810 824 1926 885 pro
1972 802 2346 880 venustiore,
2402 806 2493 868 sed
2521 818 2571 869 et

578 910 698 988 pro
723 888 905 952 vnice
933 908 1081 950 vera
1103 887 1382 951 habeam.
1465 886 1566 951 lta
1592 889 1761 952 enim
1783 888 1910 953 fert
1933 898 2268 973 perpetuus
2294 896 2573 975 poetarum

579 993 755 1042 mos:
808 980 905 1036 ter
929 992 961 1035 e
990 972 1194 1048 trinis.
1686 1025 1693 1038 ,
1797 1007 1801 1012 «
2288 991 2291 1002 ·

760 1076 853 1122 11.
893 1057 983 1121 illi
1011 1055 1132 1141 R]
1174 1049 1301 1131 ille,
1343 1056 1426 1122 sc.
1465 1078 1657 1142 puer,
1700 1054 1955 1124 Coruin.
1985 1078 2129 1123 cum
2151 1055 2443 1124 vno‘Stat.
2470 1077 2565 1122 vno

575 1140 859 1211 Pafl'erat.
887 1154 953 1206 et
981 1161 1107 1206 vno
1132 1142 1429 1206 Falkenb.
1742 1205 1747 1222 ,

762 1247 855 1308 13·
896 1225 1172 1311 reditus]
1217 1249 1321 1312 γη.
1354 1228 1549 1293 Laud.
1585 1219 1869 1296 reditiem.
1919 1237 1986 1292 et
2013 1226 2094 1291 fic
2139 1229 2279 1293 Ald.
2321 1226 2430 1289 sec.
2461 1241 2567 1289 cum

576 1313 685 1380 sua
711 1313 894 1379 secta.
976 1311 1101 1380 Sed
1124 1322 1383 1396 po‘e'tam
1407 1316 1667 1378 decebat
1696 1318 1980 1379 alterum.
2021 1313 2565 1398 nusquam-plerique
2612 1359 2613 1364 1

577 1398 724 1466 libb.
752 1402 944 1463 etiam
970 1395 1226 1463 Coruin.
1266 1411 1332 1464 et
1360 1402 1499 1468 edd.
1524 1399 1756 1465 Pocchi
1788 1420 1916 1464 var.
1954 1399 2103 1498 left.
2141 1419 2280 1463 cum
2315 1399 2465 1460 aliis:
2498 1405 2566 1458 ta·

578 1505 716 1551 men
745 1483 917 1549 haud
940 1483 1001 1549 d.
1020 1481 1266 1567 frustra
1293 1486 1394 1572 est.

759 1587 852 1650 14.
903 1568 1068 1655 Quin
1082 1560 1308 1654 fleret]
1352 1570 1449 1635 Ita
1486 1568 1659 1635 rthe
1700 1570 1933 1652 legitur
1971 1569 2120 1634 inde
2159 1567 2231 1631 ab
2267 1564 2472 1649 Aldina
2498 1583 2561 1646 pr.

467 1723 476 1728 ,
574 1653 650 1721 In
681 1656 1131 1739 antiquioribus
1161 1666 1227 1720 et
1243 1657 1305 1719 in
1327 1655 1699 1723 codd.,male
1720 1654 1938 1740 Quum,
1969 1654 2137 1727 Cum,
2168 1650 2368 1736 Quom.
2407 1650 2562 1713 Etiam

579 1739 836 1824 Qoruin.
866 1740 1029 1826 Cum.
1074 1743 1238 1805 'mox
1261 1740 1419 1825 Reg.
1449 1739 1784 1825 despiceret.
1838 1741 2056 1826 paullo
2085 1751 2227 1803 ante
2255 1738 2475 1822 quidam
2491 1754 2559 1816 ap.

575 1825 855 1891 Broukh.
888 1834 1092 1889 tamen
1114 1825 1289 1891 haud
1306 1826 1364 1891 d.
1391 1825 1508 1910 fru
1557 1846 1634 1891 ra
1660 1826 1754 1914 est.
2032 1893 2035 1898 ,

758 1929 854 1993 ¹7·
893 1910 1028 1975 Aut
1056 1931 1169 1996 ego
1195 1909 1336 1996 sum
1361 1933 1474 1977 cau
1523 1918 1664 1975 atus
1690 1929 1868 1986 aues,
1912 1909 2254 1992 aut‘qminu
2284 1907 2441 1978 dira,
2473 1904 2558 1968 511-

576 1997 751 2062 turm‘
786 1987 899 2060 au}
918 1994 1170 2081 sacram
1208 2017 1302 2061 me
1343 1995 1588 2082 tenuiffe
1623 1993 1826 2078 diem]
1888 1996 1960 2059 In
2009 1998 2293 2059 omnibus
2317 1994 2479 2067 ‚libris
2509 2000 2557 2050 et

578 2084 758 2146 editt.
803 2094 947 2145 ante
990 2082 1222 2166 Scalig.
1241 2079 1373 2148 est:
1427 2082 1567 2147 Aut·
1591 2095 1702 2166 ego
1728 2079 1874 2166 sum
1916 2077 2238 2168 careamus,
2286 2097 2417 2144 aues
2446 2073 2558 2139 dant

576 2170 781 2232 omina
813 2166 997 2232 dira:
1049 2170 1151 2232 hic
1187 2171 1424 2253 primus
1465 2167 1622 2234 dant
1661 2170 1724 2231 in
1760 2175 1872 2240 aut
1909 2170 2182 2231 mutauit
2217 2186 2295 2229 ex
2333 2164 2553 2245 ingenio,

576 2263 650 2317 vt
677 2255 957 2317 videtur:
1001 2275 1206 2338 neque
1238 2247 1382 2319 sane
1410 2254 1890 2337 illudsequente
1919 2252 2169 2316 infinito
2196 2251 2376 2316 modo
2395 2249 2554 2312 locum
2613 2265 2615 2332 ᾗ

575 2337 783 2410 habet.
868 2338 992 2405 Sed
1017 2340 1186 2403 idem
1214 2362 1346 2405 non
1371 2339 1543 2405 recte
1565 2339 1958 2423 reposueratz
1998 2340 2203 2402 omina
2227 2336 2360 2400 dira
2387 2334 2556 2396 Satur·

352 2475 358 2484 .
459 2417 465 2426 ’
574 2423 645 2487 'ni
669 2421 862 2508 sacra
897 2443 991 2489 me
1017 2433 1065 2488 t.
1094 2422 1216 2490 die.⁴
1266 2426 1521 2492 Scilicet
1562 2426 1629 2490 in
1662 2427 1801 2488 edd.
1844 2437 1911 2489 et
1946 2425 2015 2489 in
2061 2444 2285 2507 magna
2316 2419 2556 2485 librorum

570 2521 753 2661 {arte
779 2519 890 2574 aut
915 2531 1045 2574 non
1072 2513 1327 2594 legitur.
1410 2512 1649 2576 Exulat
1663 2530 1919 2595 quoque
1944 2531 1980 2571 e
2006 2509 2220 2575 nostro
2245 2506 2382 2586 Reg.
2399 2515 2454 2570 et
2475 2501 2554 2564 Ed.

632 2616 756 2659 orn.
785 2607 852 2658 et
882 2595 1138 2659 Coruin.
1173 2667 1184 2674 ,
1218 2598 1378 2680 Legi
1406 2608 1618 2661 tamen
1647 2598 1713 2659 in
1740 2608 1895 2659 vett.
1918 2595 2093 2660 libris
2117 2602 2227 2660 aut
2254 2591 2476 2657 testatus
2498 2584 2556 2647 est
2612 2609 2613 2612 ¹

574 2678 813 2745 Statius
833 2682 1042 2756 ,adde
1074 2683 1200 2744 duo
1232 2681 1393 2746 alios
1420 2705 1563 2747 cum
1593 2682 1740 2745 edit.
1770 2702 1955 2765 quam
1981 2682 2321 2765 principem
2346 2698 2375 2738 a
2415 2672 2556 2768 pellat
2611 2765 2613 2774 Α

491 2797 498 2802 ·
571 2764 851 2842 Broukh.
942 2766 1211 2829 Primum
1237 2776 1349 2831 aut
1377 2780 1700 2849 receptum
1728 2768 1913 2830 video
1942 2759 2010 2829 in
2043 2766 2298 2829 Plantin.
2408 2777 2492 2823 um
2511 2775 2555 2816 111

572 2861 730 2913 vett.
757 2850 899 2913 libb.
938 2848 1121 2914 Statii
1164 2859 1299 2916 erat
1329 2851 1602 2939 timuff.
1692 2851 1994 2916 Ceterum
2031 2848 2289 2937 cauffari
2320 2849 2401 2911 ita
2439 2842 2555 2908 dixit

569 2928 855 3019 Propert.
882 2933 996 3011 IV,
1022 2951 1083 3018 4,
1115 2951 1218 3001 21.
1276 2933 1300 2946 ”
1840 2971 1845 2984 =

599 3047 608 3058 ·
824 3018 1020 3101 Saepe
1048 3020 1156 3087 illa
1185 3022 1524 3086 immeritae
1551 3017 1815 3109 cauffata
1844 3013 1923 3099 eli
1948 3022 2154 3086 omina
2181 3018 2396 3084 Lanae.

533 3183 538 3192 ,
567 3103 860 3187 Iungitur
900 3108 1318 3172 deindeidem
1348 3110 1608 3172 verbum
1647 3131 1791 3182 curn
1820 3109 1962 3173 casu
1999 3119 2069 3172 et
2100 3125 2241 3171 cum
2271 3099 2552 3168 infinitiuo:

569 3202 642 3254 vt
667 3191 846 3275 saepe
871 3213 932 3254 v.
956 3192 1159 3256 Bentl.
1195 3195 1271 3254 ad
1296 3191 1518 3259 Horat,
1543 3194 1594 3266 Ι,
1634 3193 1754 3257 Od.
1795 3214 1846 3257 1.
1889 3192 2000 3257 nili
2027 3193 2354 3274 distinguas
2371 3233 2391 3263 „
2427 3177 2551 3267 quod

568 3273 872 3354 fecimuS,
918 3278 1053 3362 post
1082 3273 1420 3362 antestium,
1460 3290 1528 3342 vt
1552 3298 1719 3354 aues,
1761 3279 1985 3350 omina,
2021 3277 2364 3342 referantur
2402 3270 2465 3333 ad
2493 3272 2553 3326 te·

568 3358 770 3445 nutffe.
853 3361 1113 3426 Saturni
1152 3363 1310 3425 diem
1350 3364 1700 3428 ominosum
1736 3363 2010 3427 habuifl'e
2050 3363 2388 3430 Romanoe,
2427 3347 2552 3437 quod

564 3444 813 3510 Iudaeis
838 3445 1133 3527 religioni
1162 3447 1452 3511 videbant
1480 3448 1634 3525 esse,
1676 3450 1777 3513 die
1811 3450 2034 3512 sabbati
2076 3448 2201 3511 iter
2227 3447 2441 3517 faceres,
2476 3441 2553 3498 aut
2610 3441 2611 3452 ¹

565 3528 751 3594 solita
773 3534 1032 3613 negotia
1058 3552 1383 3615 peragere,
1425 3532 1490 3595 in
1521 3548 1672 3598 nota
1697 3536 2075 3598 monuimus.
2158 3529 2423 3611 Scaliger
2446 3520 2552 3585 hinc

566 3617 641 3680 ab
673 3613 912 3679 Seuero
948 3618 1015 3678 in
1043 3623 1252 3680 Aetna
1297 3632 1441 3698 242.
1480 3618 1823 3681 Saturnum
1862 3627 2126 3682 tenacem
2164 3619 2285 3682 dici
2318 3610 2550 3679 volebat:

562 3696 690 3848 {efge
715 3702 957 3784 reliqua
1000 3702 1087 3766 ibi
1135 3699 1405 3780 docent,
1448 3722 1595 3765 eum
1636 3704 1715 3767 ad
1753 3703 2178 3788 horoscopum
2219 3694 2549 3766 referendum

733 3884 836 3933 22.
883 3875 995 3933 aut
1022 3867 1185 3953 stiat
1211 3866 1503 3957 egreffum
1525 3868 1598 3957 fi’
1618 3869 1970 3955 prohibente
2011 3867 2169 3955 deo]
2214 3868 2382 3939 Vnus
2401 3860 2547 3929 Palat.
2608 3909 2609 3912 ,

562 3958 674 4022 aut
700 3949 912 4038 faciat
956 3951 1268 4051 egreffltm.
1345 3956 1422 4022 ln
1444 3959 1814 4044 Anglicanis
1846 3963 2111 4045 —deeratz
2151 3963 2260 4023 aut
2269 3976 2311 4031 ς.
2332 3975 2403 4019 an
2434 3946 2547 4012 fuitt
2604 3985 2609 4032 Ὗ

2380 4027 2555 4104 Sentiet
