2717 4767
699 288 968 345 tna.
1021 290 1144 345 ιν.
1249 284 1556 345 caan.
1606 286 1780 345 vn.
2127 287 2288 372 229

190 474 385 533 cam,
441 463 517 521 vt
542 455 652 521 fitz
693 456 936 542 qualem
975 452 1182 542 textffl
1215 453 1488 539 pudore,
1536 453 1741 541 Quam
1788 450 2034 542 nudaffe
2072 455 2280 535 aucus,

168 544 268 630 fit
297 538 450 606 mihi
476 562 625 608 cura
654 544 871 607 minor.
955 543 1165 607 Minus
1210 540 1320 606 fibi
1363 562 1548 607 curae
1576 544 1719 607 fore
1757 546 1845 606 ait
1884 555 1953 607 vt
1989 542 2274 608 amorem

191 627 383 710 tegat
410 649 596 712 quam
629 640 701 693 vt
727 631 934 713 palam
961 631 1301 714 praedicet.
1393 627 1555 692 Nam
1591 628 1870 711 peccasse
1913 629 2108 694 iuuat.
2193 629 2273 697 In

188 715 383 781 aaran·
408 716 579 779 nulla
611 716 700 780 est
725 718 1035 792 ¹varietas;
1077 713 1188 778 etfi
1214 713 1660 799 expectabamg
1700 714 1934 797 palam.
2280 780 2285 789 ,

373 818 430 882 3.
475 804 627 865 meis
661 796 979 893 fiammis]
1025 802 1185 878 Quis
1212 800 1396 866 locus
1424 801 1551 864 illis
1580 801 1684 863 hic
1714 800 1888 877 esset,
1934 802 2130 864 miror
2157 821 2268 864 ne-

186 888 430 949 minem
460 886 784 951 dubitafl‘e.
872 887 1198 972 Cytherea
1232 907 1365 950 non
1392 888 1799 964 carminibuS,
1843 887 1947 950 sed
1975 887 2266 972 precibus

184 992 265 1035 ac
296 975 464 1036 votis
494 976 746 1038 exorari
776 973 1013 1038 debuit.
1098 972 1184 1037 Et
1216 983 1472 1058 poterat
1513 974 1766 1057 proprie
1797 973 1977 1059 loqui
2017 970 2264 1060 puella:

422 1068 426 1074 '
450 1058 742 1125 Exorata
767 1061 920 1123 meis
946 1059 1113 1123 illum
1142 1056 1468 1143 Cythereia
1493 1061 1675 1123 votis.

178 1141 317 1209 Sed
345 1165 408 1210 v,
453 1155 589 1207 not.
935 1216 943 1223 ι

309 1300 316 1307 ,
346 1245 420 1311 ,4.
466 1231 532 1307 in
565 1229 825 1315 nostrum
851 1226 1172 1315 fflfinum]
1215 1224 1377 1295 Cum
1404 1232 1598 1295 modo
1641 1229 1792 1293 meis
1831 1227 1892 1293 C.
1924 1224 2264 1315 praecesse.

174 1318 306 1391 rit,
350 1314 416 1377 in
442 1316 706 1402 nostrum
742 1337 962 1401 parum
1006 1319 1345 1381 commode
1379 1316 1769 1382 subiunEtum
1800 1317 2000 1388 videri
2036 1315 2264 1400 potest.

104 1440 110 1449 -
176 1401 270 1464 Et
299 1420 569 1484 pronum
604 1414 741 1466 erat
774 1403 1171 1469 substituere:
1213 1403 1279 1464 in
1304 1412 1576 1466 tenerum
1608 1439 1690 1457 -·-
1711 1401 1926 1484 finum,
1971 1404 2076 1466 vel
2100 1400 2263 1465 fimi-

179 1489 247 1549 le
282 1488 450 1570 quid.
541 1489 786 1554 Verum
830 1489 988 1553 nihil
1021 1488 1110 1554 est
1154 1491 1556 1552 mouendum.
1640 1486 1897 1573 Spestat
1935 1491 2104 1553 enim
2133 1488 2262 1553 hoe

179 1575 264 1635 ad
289 1585 538 1654 gratam
563 1576 1045 1659 negligentiam,
1091 1595 1215 1658 qua
1232 1585 1444 1639 totum
1466 1575 1592 1638 hoc
1621 1576 2003 1659 epigramma
2029 1575 2261 1659 placet.

174 1658 281 1723 lta
321 1669 389 1721 et
434 1681 495 1724 v.
526 1678 586 1725 2.
620 1669 691 1722 ra
721 1661 905 1725 alicui
945 1662 1165 1745 paullo
1204 1662 1434 1724 exilius
1476 1658 1713 1724 diuum
1752 1660 1858 1724 est.
1950 1660 2071 1725 Sed
2105 1679 2262 1724 con-

173 1745 449 1896 νεῐιίιιιὶιέ
479 1747 637 1894 Paeo
665 1747 897 1813 lusibus
922 1749 1087 1813 inter
1103 1768 1317 1813 rerum
1346 1749 1763 1813 iucundarum
1788 1745 2029 1811 sensum
2056 1747 2260 1811 acrio·

173 1848 320 1894 rem
345 1853 383 1894 e
439 1851 476 1896 u
503 1852 575 1896 is·
1816 1887 1839 1909 ,
2242 1891 2254 1907 ,

354 1917 586 2067 δὲηοη
608 1913 876 2004 habmffl
892 1915 1129 2005 suam]
1177 1918 1460 2003 Scaliger
1487 1939 1569 1981 ex
1585 1915 1797 1983 Cuiac.
1826 1917 2120 2011 posuerat
2138 1912 2263 2003 sua

172 2023 235 2066 n.
320 2023 399 2067 au
441 2023 519 2067 ia.

272 2023 318 2086 g
357 2093 419 2163 8.
462 2088 563 2153 Ne
596 2088 765 2173 legat
807 2087 879 2152 id
914 2108 1114 2164 nemo,
1172 2108 1361 2175 quam
1389 2108 1591 2163 meus,
1645 2097 1823 2163 ante,
1879 2084 2101 2168 velim]
2160 2087 2258 2152 Ita

175 2175 483 2257 vulgatae
523 2174 678 2241 Edd.
728 2177 921 2239 etiam
965 2189 1217 2241 veteres
1267 2174 1520 2243 Vicent.
1572 2175 1740 2239 Brix.
1784 2173 2111 2251 Venetae,
2186 2183 2257 2238 vt

176 2259 421 2344 duplex
451 2263 712 2347 negatio
746 2259 841 2341 fit,
883 2250 1062 2326 more
1079 2260 1488 2327 Graecorum.
1533 2280 1594 2324 v·
1623 2261 1751 2344 sup.
1777 2260 1854 2322 ad
1875 2258 1990 2339 IV,
2034 2277 2089 2336 1,
2117 2257 2189 2325 16

179 2347 312 2415 Sed
360 2347 502 2412 libri
551 2348 736 2411 valde
788 2349 1051 2416 variant.
1136 2348 1283 2412 Duo
1327 2347 1516 2413 Witt.
1566 2348 1696 2411 duo
1736 2344 2013 2409 Broukh.
2055 2345 2188 2408 Lau
2233 2391 2256 2411 .

177 2435 349 2511 vnus
384 2434 571 2516 Angl.
600 2450 746 2498 cum
773 2432 1016 2517 Regio:
1062 2434 1171 2497 Me
1197 2432 1366 2516 tegat
1395 2429 1465 2495 id
1487 2449 1673 2494 nemo,
1760 2430 1923 2495 Tres
1950 2429 2088 2495 Ital.
2109 2429 2259 2494 Col.

177 2519 344 2583 bert.
376 2516 623 2582 Thuan.
649 2539 797 2582 cum
821 2520 936 2587 Ed.
965 2519 1147 2584 Rom.
1185 2520 1299 2583 Me
1337 2516 1507 2600 legat
1545 2523 1616 2579 vt
1656 2534 1860 2590 neme,
1905 2518 2076 2598 quod
2117 2536 2253 2583 nou

176 2605 520 2686 inelegans,¹
563 2602 752 2681 esset3
793 2606 952 2671 Exe.
991 2604 1257 2682 Perreii,
1304 2603 1415 2667 Me
1441 2612 1511 2667 vt
1550 2601 1719 2685 legat
1745 2600 1816 2664 id
1845 2621 2052 2680 nemo,
2100 2604 2254 2671 dum

178 2692 474 2754 librarius
505 2700 835 2775 Vtramque
875 2691 1218 2757 lestionem
1259 2700 1407 2753 ante
1441 2691 1669 2753 oculos
1706 2688 1984 2752 haberet.
2071 2687 2257 2755 Vnus

176 2774 424 2840 Heinfii
451 2789 517 2842 et
538 2796 705 2840 vnus
731 2776 927 2860 Angl.
955 2778 1065 2843 Me
1083 2778 1250 2860 tegat
1273 2775 1345 2840 id
1369 2775 1562 2839 venio.
1651 2775 1941 2851 Quatuor
1968 2771 2259 2850 Statiani,

176 2861 378 2929 Wall.
419 2882 579 2927 vnus
607 2864 887 2930 Broukh.
921 2882 1086 2929 vnus
1127 2863 1319 2945 Angl.
1346 2860 1462 2927 Ed.
1494 2861 1656 2929 Ven.
1696 2878 1874 2943 1475.
1917 2859 2073 2944 Reg.
2102 2859 2256 2946 Lep.

177 2946 301 3012 Me
324 2945 495 3031 legat
534 2947 815 3013 aduenio.
898 2951 1132 3026 VideS,
1176 2951 1503 3033 quomodo
1547 2949 1859 3012 aberratio
1904 2947 2026 3023 alia
2068 2947 2256 3012 aliam

173 3032 550 3117 exceperit:
611 3054 835 3100 omnes
880 3036 1250 3111 ostendunt,
1298 3032 1382 3096 id
1416 3054 1640 3097 verum
1685 3030 1831 3096 efl‘e.
1928 3032 2118 3095 Venio
2162 3034 2259 3099 fa-

39 3182 47 3191 ,
176 3119 361 3185 &um
393 3141 472 3182 ex
506 3138 699 3185 nemo.
785 3121 896 3186 Me
931 3142 1014 3184 ex
1054 3138 1147 3183 ne.
1230 3120 1432 3183 Porro
1475 3120 1541 3180 in
1589 3138 1714 3181 vno
1758 3118 1952 3198 Angl.
1990 3114 2096 3199 ⁴ff²
2135 3137 2256 3200 pro
2294 3174 2304 3193 ,

178 3211 365 3278 ante,
410 3207 567 3268 etin
598 3205 714 3271 Ed.
743 3204 928 3270 Rom.
955 3204 1161 3270 velint.
1250 3204 1587 3269 Molestum
1627 3204 1848 3289 vtique
1882 3200 1969 3264 est
1999 3207 2069 3261 ro·
2091 3210 2257 3276 ante,

179 3293 364 3390 guod
402 3299 613 3357 tamen
653 3293 907 3357 facilem
945 3290 1365 3356 mutationem
1404 3287 1806 3353 admittebat:
1865 3304 2050 3373 quam
2090 3305 2259 3352 meus

175 3377 299 3441 ‘ue'
357 3482 422 3547 9.
467 3461 572 3525 Sic
605 3406 863 3550 peccaffe
888 3460 1118 3546 iuuat]
1162 3460 1268 3526 Sic
1302 3480 1385 3524 ex
1416 3456 1655 3524 Heinfii
1686 3458 2130 3525 emendatione
2162 3474 2287 3524 re-'

178 3547 400 3634 posuit
432 3548 713 3615 Broukh.
806 3549 1026 3632 Vulgo
1058 3547 1391 3635 Sed-quod
1430 3546 1582 3610 ferri
1623 3555 1878 3630 poterat
1922 3566 2003 3608 eo
2045 3547 2259 3612 sensu:

181 3635 336 3698 Non
368 3632 524 3698 clam
549 3654 739 3718 agere
766 3644 827 3700 et
851 3635 1044 3700 celare
1067 3634 1393 3718 quicquam
1415 3630 1684 3696 homines
1711 3630 1891 3695 velim
1908 3651 1931 3693 .·
1976 3630 2103 3697 Sed
2132 3645 2257 3697 etc.

178 3720 390 3823 Immo
450 3739 606 3783 vero
668 3742 751 3785 ex
805 3718 1125 3807 proposita
1176 3719 1386 3785 nostra
1431 3718 1954 3802 interpretatione
1994 3718 2122 3784 Sed
2164 3738 2262 3781 re-

183 3818 506 3965 quinteffird·
549 3889 756 3956 vultus
794 3908 1142 3976 componere
1169 3838 1395 3975 famae
1439 3864 1713 3973 Taedet]
1767 3887 2004 3970 Regius
2049 3884 2263 3961 cultus,

181 3976 462 4045 sollenni
531 3979 949 4045 aberratione.
1020 3979 1148 4064 vid.
1203 3977 1503 4045 Burman.
1575 3979 1655 4043 ad
1728 3975 1917 4039 Ouid.
1964 3972 2047 4063 Il,
2105 3971 2263 4036 Met.

187 4080 343 4148 φῶ
395 4090 406 4097 ·
1182 4146 1282 4233 (P
1327 4145 1422 4232 3)
1996 4163 2092 4214 10.
2115 4142 2264 4210 Cum
