2717 4767
681 337 700 350 .
737 293 1009 352 nnn.
1060 293 1190 351 nt.
1248 285 1600 362 „enum
1649 289 1711 349 1.
2106 287 2264 378 197

158 461 561 548 habitabunt.
617 484 680 528 v.
720 459 849 528 Dio
877 457 1114 540 XLIX,
1144 460 1244 543 36.
1284 463 1576 547 adeoque
1611 461 1687 527 ab
1727 460 1994 547 Alpibus
2035 460 2251 547 paullo

157 551 564 614 remotiores
596 551 794 614 erant.
880 547 1285 615 Doftiffimus
1311 552 1621 634 Ayrman,
1648 548 1862 614 inVit.
1888 543 2031 612 Tib.
2061 548 2128 631 §.
2150 563 2256 630 35.

138 638 236 700 ‘ei
263 637 362 700 rei
391 656 728 700 occurrere
757 636 1033 720 putabat,
1072 633 1512 699 fiinsereretur
1536 641 1595 699 et
1608 633 1747 718 post
1770 631 1998 720 pafflm,
2038 646 2108 698 vt
2137 653 2254 719 per

160 741 296 785 eos
310 763 334 800 ,
389 721 504 807 qui
578 720 773 788 elidas
789 722 1001 808 paffim
1028 718 1259 786 aisieffl
1293 720 1359 784 in
1389 717 1582 803 Alpes
1606 717 1855 803 fuerint
1876 764 1896 795 ,
1943 716 2179 867 scilicet
2204 737 2253 785 a

161 815 449 882 natura,
489 807 515 871 i
597 807 707 893 est,
750 809 856 892 qui
888 803 1098 895 paffim
1146 805 1339 889 Alpes
1373 806 1729 870 incoluerint
1743 851 1761 882 ,
1819 804 2249 889 instigantur

161 890 400 978 Salaffi
410 933 433 967 ,
502 892 803 979 vicinique
843 904 903 958 et
940 895 1005 958 in
1041 889 1309 974 Alpibus
1349 893 1599 975 pariter
1637 888 1986 956 habitantes
2013 889 2248 974 populi,

158 996 330 1061 quos
370 996 491 1041 vno
524 978 791 1043 alten-oue
822 981 956 1066 post
992 996 1154 1043 anno
1182 974 1443 1072 Meſjala
1475 978 1730 1061 proprio
1759 977 1977 1040 Marte
2000 975 2248 1052 denica,

158 1063 456 1146 [egatus
485 1062 574 1129 ad
596 1083 695 1129 eos
712 1064 1129 1150 Propraetore
1152 1060 1355 1149 mistus
1380 1083 1429 1138 a
1458 1063 1736 1148 Caesare.
1824 1061 1951 1127 Sed
1982 1063 2245 1127 obscure

157 1150 266 1212 ita
295 1146 568 1215 Salafl'os
596 1171 633 1215 a
661 1160 855 1236 poe‘ta
884 1152 1206 1223 declarari,
1247 1152 1457 1215 multo
1489 1151 1694 1234 magis
1725 1149 2126 1216 mirationem
2153 1149 2246 1213 fa·

158 1243 383 1314 ceret,
422 1255 614 1320 quam
654 1240 828 1322 qnod
867 1259 982 1302 eos
1024 1239 1286 1300 omnino
1305 1235 1487 1300 ffleri
1523 1238 1834 1301 videmus.
1915 1232 2055 1302 Nec.
2080 1254 2243 1298 vero

156 1322 248 1385 iis
278 1322 445 1386 inter
469 1323 780 1409 Iapydes,
816 1323 1180 1388 Pannonios
1205 1332 1274 1387 et
1303 1322 1627 1407 Arupinos
1662 1322 1846 1387 locus
1876 1319 2038 1385 bene
2069 1318 2246 1394 effet,

154 1428 319 1478 cum
342 1410 530 1473 nimis
559 1421 848 1474 remotae
878 1413 952 1476 ab
978 1410 1077 1474 his
1106 1427 1329 1473 eorum
1358 1408 1537 1474 sedes
1559 1409 1834 1473 fuerint:
1880 1405 1994 1469 etfi
2016 1426 2246 1471 verum

156 1492 296 1644 {fij
335 1496 632 1644 Eiusdem
669 1497 823 1562 beni
854 1496 1230 1579 contagium
1267 1496 1347 1558 ad
1386 1505 1693 1594 Vtrosque
1731 1490 2112 1580 pertinuisse.
2175 1512 2240 1555 v.

225 1600 300 1645 10
411 1601 469 1645 c.
503 1598 608 1664 34.
1883 1609 1897 1624 =

353 1698 378 1744 ι
400 1695 496 1746 ιο.
545 1680 727 1765 Testis
754 1678 1080 1764 Arupinas
1113 1690 1173 1747 et
1202 1700 1442 1766 pauper
1463 1688 1650 1746 natas
1690 1680 1758 1745 in
1785 1678 2023 1764 armis]
2064 1679 2240 1746 Ante

157 1767 565 1848 scaligerum
593 1769 923 1850 legebatur
952 1767 1316 1851 Arupium-.-
1356 1789 1391 1831 a
1419 1768 1702 1832 Rom'ana
1725 1768 1894 1841 inde,
1929 1786 2118 1850 quam
2149 1765 2240 1829 se-

163 1862 455 1939 quuntur
485 1853 769 1919 Venetae
794 1863 863 1918 et
886 1855 1177 1919 Aldinae«
1256 1857 1350 1918 At
1385 1853 1673 1938 Scaliger
1706 1875 1785 1917 ex
1827 1851 2238 1926 Guiac.⁴Aru-

151 1939 336 2025 pinis
367 1949 730 2023 receperat,
783 1943 1162 2006 conficiebat
1185 1950 1399 2004 tamen
1426 1940 1770 2023 legendum
1801 1936 1960 2002 effe=
2000 1936 2242 2021 Arupi-

157 2043 309 2099 nas,
353 2032 425 2088 vt
447 2026 690 2107 gentile
725 2024 903 2101 efl'et,
944 2029 1118 2111 quod
1143 2026 1424 2111 reposuit
1451 2025 1729 2091 Broukh.
1813 2024 1889 2089 In
1914 2024 2089 2088 libris
2115 2025 2237 2087 mi·-

159 2132 241 2177 ra
284 2111 579 2175 varietas.
662 2109 992 2176 Inuenitur
1034 2114 1204 2176 enim
1227 2157 1246 2187 ,
1289 2119 1351 2175 et
1391 2109 1672 2191 Alpinis,
1728 2116 1789 2175 et
1822 2106 2129 2192 Arpinis,
2173 2113 2239 2172 et

154 2195 456 2280 Aprinis,
498 2204 561 2259 et
585 2194 893 2280 Hirpinis,
930 2196 1320 2280 Harapinus,
1365 2202 1425 2260 et
1447 2195 1792 2278 Hyrpinas,
1835 2203 1895 2258 et
1918 2192 2239 2276 Arpinas.-

159 2283 289 2349 Ed.
337 2280 499 2365 Lips.
544 2302 693 2345 cum
733 2280 984 2350 Vicent.
1022 2283 1196 2347 forte
1230 2293 1298 2346 et
1327 2283 1501 2357 aliis,
1546 2281 1611 2344 in
1650 2278 1915 2362 alpini53
1967 2279 2231 2363 Regius,

161 2376 232 2434 et
266 2364 528 2451 alpini&
567 2359 674 2432 sid
708 2369 770 2432 in
799 2370 1083 2451 margine
1120 2366 1384 2451 hirpinis
1409 2368 1513 2431 vel
1543 2365 1800 2449 arpinis.
1890 2362 2087 2428 Porro
2114 2364 2234 2429 Ed.

160 2455 358 2522 Rom.
393 2453 460 2515 in
494 2455 670 2518 aruis
699 2474 844 2519 cum
881 2455 1205 2519 nonnullis
1241 2454 1418 2516 aliis:
1473 2454 1646 2535 quod
1686 2452 1993 2536 Ayrtnan.
2037 2449 2104 2534 S.
2133 2450 2236 2526 36.

163 2538 511 2627 probabat,
559 2549 633 2603 vt
660 2541 985 2621 legeretur
1015 2538 1321 2622 Arupinis
1348 2549 1439 2587 -'-·‘
1464 2538 1531 2601 in
1562 2537 1753 2602 aruis.
1843 2534 2045 2600 Certe·
2078 2555 2235 2600 non-

164 2630 330 2692 dum
353 2625 495 2689 satis
522 2638 696 2691 certa
725 2625 888 2690 fides
917 2624 1179 2709 fingulis
1210 2624 1424 2689 versus
1449 2623 1657 2688 verbis
1683 2620 1809 2686 efl'e
1836 2624 2104 2687 videtur.

354 2755 380 2802 1
397 2752 493 2801 12.
534 2735 756 2819 Pyliae
779 2735 1039 2800 miretur
1047 2731 1295 2821 saecula
1309 2729 1582 2818 famae]
1630 2733 1704 2800 In
1732 2729 1890 2800 Edd.
1915 2741 2073 2798 vett.
2099 2730 2237 2819 post

158 2823 344 2888 hunc
371 2823 562 2887 alium
598 2821 733 2905 legi
768 2820 1015 2887 versum
1042 2831 1224 2906 notat
1249 2820 1577 2886 Heinsius:

241 2930 245 2934 ·
434 2907 721 2991 Namque
743 2905 933 2993 senex
961 2906 1182 2991 longae
1204 2908 1455 2991 peragit
1480 2905 1627 2971 dam
1648 2900 1853 2986 secula
1882 2903 2067 2969 vitae.

164 3006 243 3066 et
279 2994 575 3071 miratur,
620 3015 731 3058 cur
764 2992 1086 3058 omiserint
1118 2995 1529 3058 recentiores.
1610 2990 1926 3073 Equidem
1954 3010 2084 3053 non
2123 2985 2240 3053 nifi

164 3083 243 3148 in
276 3080 420 3144 Ald.
453 3079 573 3142 sec.
618 3090 686 3143 et
725 3079 873 3143 hinc
903 3077 1189 3144 deduffis
1226 3078 1529 3154 stanam,
1577 3076 1806 3140 Mutet.
1833 3073 2076 3160 Gryph.
2103 3073 2238 3142 Bas.

166 3166 425 3241 inueni;
468 3166 542 3232 ab
570 3165 867 3250 reliquie,
910 3185 1066 3250 quas
1085 3166 1222 3244 ‚vidi
1235 3206 1254 3237 ,
1299 3166 1493 3227 etiam
1511 3161 1695 3225 Rom·
1731 3161 2032 3236 VenetiS,
2076 3158 2238 3239 Reg-

166 3251 332 3335 Lep.
368 3250 622 3317 Vicent.
658 3251 804 3316 Ald.
838 3270 930 3335 pr.
974 3260 1043 3314 et
1085 3249 1232 3313 hinc
1271 3246 1608 3333 profeffls,
1653 3245 1850 3318 abest,
1895 3257 1965 3309 vt
1991 3247 2151 3309 adeo
2179 3246 2238 3308 is

169 3334 568 3420 reposuerit,
612 3340 719 3422 qui
755 3335 1049 3402 Aldinam
1092 3335 1213 3398 sec.
1249 3335 1554 3397 correxit.
1636 3330 1848 3395 Potest
1886 3329 2140 3414 quidem
2172 3331 2241 3394 in

173 3425 320 3488 aliis
361 3421 616 3486 omissus
656 3420 781 3487 esse
820 3433 1080 3507 propter
1125 3420 1576 3504 repetitionem
1610 3418 1985 3497 verborum,
2037 3412 2243 3499 ficata

158 3507 424 3594 famae,
471 3518 538 3572 et
562 3506 768 3592 strala
810 3508 996 3574 vitae.
1080 3505 1323 3574 Verum
1366 3506 1532 3569 haud
1569 3505 1754 3569 dubie
1791 3502 1878 3567 est
1909 3522 2023 3588 pro
2050 3498 2239 3566 infiti-

171 3596 274 3660 tio
310 3594 675 3662 habendus..
732 3594 805 3659 In
828 3594 1083 3658 Coruin.
1119 3592 1203 3656 fic
1230 3588 1551 3675 expressus
1579 3590 1701 3654 est:

436 3678 728 3765 Namque
740 3677 929 3764 senex
949 3683 1125 3764 longe
1146 3674 1406 3764 spargit
1429 3673 1574 3741 dum
1597 3672 1803 3760 secuta
1829 3670 2067 3759 famae.

359 3802 387 3850 1
405 3796 502 3860 13.
545 3780 967 3866 reuocauerit]
1011 3780 1215 3845 intell.
1253 3787 1357 3852 vt,
1399 3778 1706 3861 quamuis.
1790 3774 1866 3840 In
1891 3775 2066 3844 libris
2099 3774 2241 3838 fere
2283 3831 2289 3837 .

171 3876 610 3938 renouauerat.
646 3868 942 3933 nonnulli
962 3870 1380 3932 reuocauerat.
1426 3885 1484 3927 v.
1509 3862 1586 3927 ad
1619 3862 1806 3928 Ouid.
1839 3861 1889 3938 l,
1919 3861 2073 3925 Met.
2105 3878 2129 3924 ι
2150 3878 2201 3923 ι.

361 4000 386 4048 1
408 3998 428 4043 ι
447 3996 505 4063 5.
544 3974 837 4061 Gaudet]
882 3975 1163 4041 Broukh.
1186 3972 1470 4057 reposuit
1494 3993 1577 4036 ex
1601 3970 2042 4039 emendatione
2056 3968 2247 4035 Hein-

173 4068 247 4207 ‚ffi
270 4087 495 4157 parum
521 4063 888 4172 necefl'aria3
940 4063 1143 4147 vulgo
1180 4056 1426 4230 ἔῦἄξ)
1738 4096 1751 4111 ·
2100 4140 2245 4204 eud·
