2717 4767
668 264 888 321 -ua,
937 263 1044 322 11.
1146 222 1634 353 anah-1.
2023 262 2198 356 '1105

168 431 233 511 O
248 455 405 534 ego,
415 429 602 509 ‘cum
615 429 1448 534 dominamadspicerem,
1475 444 1696 535 quain
1710 429 2130 519 fortiterillic
2162 466 2205 535 ς

184 654 187 657 ,
249 559 608 667 Versarern
668 560 904 640 valido
952 568 1219 679 pingue
1279 557 1566 638 bidente
1611 558 1871 661 solum,

163 685 669 791 Agricolaeque
724 686 954 768 modo
1007 714 1333 767 curuum‘
1371 686 1673 767 sestarer
1723 706 2061 799 aratrum,

246 820 448 894 Dum
496 815 829 918 subigunt
870 814 1129 897 steriles
1185 841 1358 897 arua
1407 813 1701 895 serenda
1745 817 1999 899 boues.

168 942 304 1020 Nec
347 969 722 1045 quererer,
770 943 971 1047 quod
1017 942 1123 1022 sol
1167 944 1463 1044 graciles
1512 961 1844 1024 exureret
1885 960 2105 1051 artus,

253 1070 596 1149 Laederet
638 1087 764 1150 aut
806 1088 1089 1159 teneras
1142 1070 1416 1175 pustula
1472 1090 1680 1176 rupta
1727 1101 2010 1158 manus.
2114 1108 2191 1158 10

172 1196 345 1278 Pauit
385 1215 457 1278 et
497 1197 798 1279 Admeti
848 1217 1112 1279 tauros
1143 1198 1502 1281 formosus
1541 1199 1854 1302 Apollo·
1832 1253 1856 1293 ,

255 1328 402 1406 Nec
446 1329 751 1426 cithara,
807 1326 1128 1407 intonsae
1164 1324 1591 1429 profuerunt
1634 1355 1729 1407 ve
1780 1355 2060 1413 comae.

176 1454 311 1532 Nec
346 1463 583 1557 potuit
624 1481 832 1534 curas
880 1453 1125 1532 sanare
1164 1454 1549 1534 salubribus
1588 1450 1862 1537 herbis:
2154 1438 2168 1449 “

263 1582 624 1685 Quicquid
664 1599 814 1661 erat
856 1582 1209 1682 medicae,
1261 1590 1557 1682 vicerat,
1599 1592 1789 1683 artis,
1842 1612 2072 1668 amor.

182 1707 375 1791 -Tunc
418 1707 682 1789 fiscella
721 1712 865 1789 leui
911 1710 1196 1790 detexta
1239 1708 1339 1811 est
1383 1717 1653 1792 vimine
1699 1721 1920 1814 iunci,
2129 1747 2196 1819 ις

264 1837 583 1943 Raraque
625 1863 754 1942 per
814 1863 1048 1919 nexus
1104 1836 1204 1917 est
1253 1846 1372 1919 via
1419 1836 1605 1922 fasta
1653 1839 1834 1922 sero.
2172 1910 2176 1923 .

1146 1967 1226 2047 G
1268 1993 1310 2073 5
1940 1971 2019 2054 O
2039 2001 2227 2079 quo-

256 2103 576 2192 Etdiftam,
595 2103 802 2180 Getici,
815 2105 1168 2190 quaenorint
1320 2131 1344 2169 1
1359 2131 1412 2172 2.
1457 2110 1582 2173 Nec
1630 2106 1901 2190 cithara)
1947 2116 2226 2180 Similiter

492 2251 505 2263 ,
573 2190 780 2267 verba,
812 2194 1050 2256 iuuenci.
1205 2194 1502 2264 Ouid.x,
1535 2201 1683 2261 Met.
1712 2220 1843 2275 170.
1861 2201 1985 2280 sqq.
2034 2222 2097 2262 et
2122 2207 2229 2265 Al-

188 2278 473 2341 Suauissima
528 2300 728 2341 autern
787 2283 929 2339 haec
977 2281 1155 2342 facies
1226 2282 1433 2342 binou.
1451 2287 1526 2351 11,
1545 2304 1643 2359 79.

187 2368 414 2428 Amoris:
462 2388 618 2448 quae
651 2370 718 2426 in
749 2368 990 2445 gemmis
1012 2388 1158 2445 quo-
1321 2389 1414 2442 ι4.
1480 2370 1558 2427 ef.
1610 2370 1787 2428 Ou1d.
1806 2372 1853 2437 Ι,
1898 2375 2045 2431 Met.
2088 2392 2225 2446 521.

188 2471 280 2531 que
320 2455 572 2533 antiquis
620 2454 906 2521 occurrit,
948 2471 1015 2511 vt
1050 2473 1157 2510 vo-
1227 2451 1350 2531 sqq.
1402 2470 1464 2511 et
1505 2455 1648 2515 hinc
1698 2456 1794 2513 alii
1823 2468 2032 2530 poetae
2062 2461 2231 2535 saepe

186 2560 376 2598 merem
407 2543 508 2601 seu
548 2541 789 2599 rastrum
819 2555 1055 2606 teneat,
1100 2553 1161 2595 et
1227 2539 1390 2597 idem
1439 2540 1667 2616 sequuti
1717 2538 1870 2599 sunt.
1977 2547 2231 2606 Praeiuit

184 2624 238 2683 in
263 2629 471 2686 Moschi
508 2628 828 2702 poematio.
1226 2625 1388 2686 forte
1425 2627 1697 2685 omnibus
1742 2626 1944 2686 Bion'
1925 2650 1991 2689 ιιι
2011 2629 2230 2714 fragm.

257 2724 306 2778 8.
329 2706 558 2795 steriles
600 2742 680 2763 --
720 2705 917 2788 boues)
977 2731 1040 2772 11.
1080 2725 1165 2767 te·
1229 2714 1302 2773 X.
1331 2715 1398 2772 in
1427 2712 1686 2791 Hyacin
1665 2714 1849 2778 hum.

181 2794 364 2857 sticulis
381 2801 616 2858 demefl‘
601 2821 670 2867 s
714 2815 794 2866 et,
836 2797 876 2856 fi
904 2796 1163 2855 feminae
1328 2821 1349 2857 1
1370 2816 1421 2873 ς.
1465 2792 2066 2879 detextaqftvimine
2038 2801 2235 2882 runci)

181 2883 311 2953 sunt,
328 2889 501 2946 vulua
535 2886 795 2943 extrasta.
840 2884 917 2945 cf.
934 2884 1115 2958 Vulp.
1230 2888 1391 2962 Virg.
1428 2888 1546 2945 Ecl.
1585 2907 1639 2952 2,
1670 2898 1767 2959 72.

263 2992 279 3026 1
299 2993 344 3030 1.
365 2969 648 3053 Admeti)
665 2974 735 3029 ad
755 2973 965 3028 Pheras
982 2969 1167 3028 Thes·
1321 2971 1487 3052 Qtin
1501 2983 1565 3031 tu
1584 2967 2238 3054 aliquidfhltempotim,

182 3053 356 3127 saliae,
401 3081 585 3138 quem
632 3060 888 3123 amabat,
954 3057 1166 3131 cuique
1594 3075 1828 3138 quorum
1847 3053 2074 3142 indiget
2091 3055 2238 3139 tastu,

184 3142 231 3199 se
240 3144 434 3217 sponte
451 3145 837 3219 mancipabat.
852 3141 1166 3201 v.Broukh.
1339 3137 1664 3206 Viminibus
1682 3140 1939 3225 mollique
1948 3160 2125 3223 paras
2143 3143 2243 3206 de

185 3231 271 3302 qui
311 3231 602 3307 adscripfit
656 3231 954 3289 auftorum
1015 3231 1167 3294 loca,
1598 3240 1785 3288 texere
1806 3229 1983 3291 iunco,

184 3317 371 3388 quibus
406 3321 555 3375 haec
589 3316 785 3375 fabula
836 3315 1165 3390 exponitur.
1236 3334 1296 3371 v.
1338 3313 1593 3372 Broukh.
1641 3312 1723 3371 cf.
1761 3317 1939 3374 Ouid.
1970 3319 2041 3373 11.
2087 3320 2238 3377 Met.

183 3398 281 3458 Sed
331 3405 629 3479 principes
676 3405 739 3461 hi
786 3402 953 3460 sunt:
1043 3402 1170 3457 Ho-
1247 3416 1383 3472 554.
1430 3401 1534 3468 IV,
1570 3401 1709 3459 Fast.
1746 3418 1890 3476 435.
1941 3406 2101 3478 Copa
2145 3424 2238 3504 17.

183 3505 308 3546 mer.
334 3494 401 3548 ll.
439 3500 507 3562 β,
544 3494 706 3564 763-
682 3509 785 3568 7.
835 3488 1170 3547 Callimach.
1241 3482 1320 3546 F
1298 3478 1515 3565 stellae
1556 3508 1699 3545 vero
1735 3501 1903 3547 erant
1933 3490 2194 3547 calathi
2171 3510 2240 3550 m

179 3573 238 3631 in
265 3580 464 3659 Apoll.
498 3598 606 3653 47.
640 3578 763 3654 sqq.
810 3576 989 3641 Ouid,·
1021 3577 1170 3633 Met.
1242 3573 1410 3629 vsum
1442 3574 1693 3651 cogendi
1725 3574 1900 3632 lastis.
1946 3577 2242 3634 Columel-

180 3661 246 3727 11,
275 3666 412 3728 68ο
446 3669 535 3742 sq.
565 3666 667 3722 vbi
692 3665 963 3737 v.1ntpp.
1000 3661 1174 3719 etiam
1243 3658 1297 3715 la
1323 3661 1378 3713 V
1381 3660 1455 3726 11,
1486 3672 1542 3726 8,
1580 3679 1635 3735 3.
1679 3663 1784 3718 Eas
1801 3662 2070 3721 detexere
2093 3663 2244 3720 otio-

184 3734 248 3804 de
290 3749 705 3814 sedeAdmeti.
749 3746 1174 3822 Apollodor.1‚
1242 3744 1438 3819 sorum
1479 3764 1601 3804 erat
1648 3746 1951 3821 pastorum.
2033 3749 2243 3805 -Suaue

184 3855 239 3908 9»
277 3855 364 3907 ις.
460 3844 740 3897 Ceterum
784 3839 983 3894 locum
1016 3835 1176 3891 hunc
1245 3848 1440 3889 autem
1485 3832 1550 3893 in
1584 3834 1838 3907 carmine
1872 3832 1986 3890 hoc
2014 3832 2248 3892 Tibulli

182 3921 351 3982 nostri
382 3942 523 3984 ante
554 3925 753 3985 oculos
774 3921 979 3979 habuit
995 3919 1174 3981 Ouid.
1243 3917 1424 3985 illud,
1473 3921 1631 4002 quod
1660 3920 1732 3976 ad
1767 3936 1888 3977 tam
1911 3919 2072 3977 leues
2106 3936 2245 3991 ope-

183 4007 346 4081 Epist.
365 4014 445 4080 V,
495 4031 627 4086 147.
661 4010 784 4090 sqq.
860 4007 1033 4071 Adde
1063 4004 1176 4066 inf.
1244 4024 1336 4063 tas
1374 4006 1728 4080 ptaestandas
1769 4023 2026 4065 amntem
2068 4002 2246 4062 addu-

188 4096 281 4164 lu,
311 4120 375 4172 4,
415 4098 674 4176 67.·sqq.
1242 4087 1585 4154 x'lss'edeum
1615 4107 1826 4153 narrat.

2022 4179 2118 4241 16·
2132 4173 2252 4237 Ra«.
