2717 4767
756 244 807 309 ι
829 242 865 304 1
888 243 957 301 s.
1005 240 1133 323 tv.
1196 243 1280 313 ‚e
1306 230 1753 311 annixu.

2065 242 2293 337 (¹499

80 552 83 555 Δ
740 433 846 533 ,β
870 435 957 515 A
985 439 1060 513 R
1091 440 1183 515 M
1221 442 1298 517 Ε
1330 440 1423 517 ’Ν
1518 441 1734 520 VII.

202 557 604 693 Tandem
642 621 852 694 «venit
894 641 1139 715 amor,
1200 616 1487 719 qualem
1530 611 1775 696 texifl‘e
1823 608 2124 717 pudore,
2241 564 2272 641 ἶ.

322 740 578 841 Qam
631 736 922 825 nudasse
970 745 1175 833 alicui
1189 802 1214 840 ,

1284 739 1371 825 fit
1412 745 1587 823 mihi
1630 741 1820 821 fama
1860 747 2135 821 minor:

203 862 532 949 Exorata
582 877 762 948 meis
807 872 1005 952 illum
1056 870 1426 975 Cytherea
1477 870 1820 950 Camenis

317 993 623 1098 Attulit,
676 1005 753 1076 in
802 997 1129 1079 nostrum
1178 997 1645 1103 deposuitque
1694 994 1952 1077 finum·

202 1121 538 1203 Exsoluit
580 1124 912 1229 promifi'a
954 1130 1243 1218 Venus3
1292 1152 1459 1205 mea
1499 1125 1755 1229 gaudia
1797 1139 2065 1225 narret,
2214 1132 2262 1223 ς’

313 1253 625 1333 Dicetur
668 1249 723 1331 s1
761 1261 920 1355 quis
960 1281 1121 1335 non
1171 1251 1487 1335 habuiffe
1521 1253 1741 1334 suam.

202 1377 286 1458 Ν
284 1405 394 1461 on
443 1405 587 1483 ego
633 1375 919 1483 fignatis
969 1379 1361 1483 quidquam
1400 1382 1742 1463 mandare
1781 1380 2075 1482 tabellis,

308 1507 432 1585 Ne
468 1508 654 1609 legat
677 1505 749 1586 id
777 1533 1042 1607 nem0‚
1095 1533 1317 1610 quam
1339 1534 1586 1608 meus,
1628 1527 1820 1611 ante,
1861 1512 2122 1591 velim:

203 1635 351 1726 Sed
394 1631 714 1740 peccass'e
765 1640 965 1715 iuuat
977 1661 1002 1727 3
1063 1624 1305 1714 vultus
1350 1661 1797 1741 componere
1840 1638 2077 1718 famae

311 1762 645 1901 Taedet3
688 1788 864 1844 eum
903 1763 1126 1867 digno
1162 1763 1377 1866 digna
1413 1761 1617 1847 fisffie
1655 1764 1863 1845 ferar.

1196 1899 1273 1980 N
1320 1924 1377 2000 4

222 2050 227 2057 ι
291 2080 364 2139 C.
378 2077 511 2138 vn.
539 2076 730 2138 Potita
744 2078 900 2139 votis
913 2076 1027 2138 suis
1047 2080 1210 2156 puel-

2172 1720 2254 1848 tt,

2019 1899 2090 1982 C'
2090 1903 2168 1981 A
2174 1907 2284 1982 R-

1278 2080 1559 2149 mulante,
1602 2080 1703 2159 qui
1719 2079 1822 2156 ipfi
1841 2078 1937 2140 sua
1956 2081 2129 2156 potiti
2148 2099 2278 2147 non

204 2164 265 2226 la
290 2182 354 2224 et
382 2165 652 2223 amatoris
687 2164 1042 2239 amplexibus
1079 2184 1209 2241 per-
1273 2165 1440 2225 sunt:
1485 2168 1749 2224 namhoc
1770 2167 1867 2233 est,
1888 2168 2101 2225 habere
2118 2168 2278 2229 suam

206 2250 387 2312 fruita
423 2251 640 2309 exultat
684 2270 821 2325 prae
864 2250 1094 2328 gaudio.

302 2356 354 2395 1.
409 2330 669 2394 Tandem
696 2333 854 2395 venit
880 2335 1085 2412 amor)
1131 2337 1206 2395 de

206 2423 420 2486 amoris
449 2422 659 2488 ftuflu,
702 2421 804 2501 qui
836 2422 1073 2480 tandem
1102 2420 1207 2497 ipfi

205 2508 442 2587 obtigit,
463 2507 685 2583 accipio
701 2531 716 2575 ς
763 2526 938 2585 quem
954 2527 1089 2583 prae
1105 2527 1213 2583 pu·-

106 2654 115 2662 ,
207 2593 350 2653 dore
369 2595 578 2661 celare,
609 2593 800 2652 minus
818 2592 1211 2652 honorificum

205 2677 307 2739 fibi
333 2680 673 2739 ducendum
698 2695 881 2755 putat,
923 2698 1097 2758 quam
1111 2698 1211 2755 pa-

114 2802 119 2807 ·
204 2764 321 2826 lam
353 2786 495 2825 eum
522 2764 712 2824 fateri.

294 2871 351 2927 3.
395 2847 562 2910 illum
567 2850 598 2925 )
614 2852 725 2910 int.
745 2872 1009 2926 puerum,
1033 2868 1104 2910 vt
1119 2872 1207 2912 te·

204 2938 577 3013 &evulpium
622 2938 782 2998 Tum
796 2935 931 3005 meis
948 2934 1207 2997 Camenis

202 3035 455 3085 exorata
472 3025 631 3103 quod
648 3024 747 3090 ait,
769 3025 1004 3082 credere
1021 3025 1205 3093 iubet,

200 3113 471 3192 puellam,
501 3109 848 3170 carminibus
866 3103 1062 3168 ‘lufiss'e
1079 3150 1097 3178 ,
1136 3110 1203 3187 in

201 3199 417 3277 quibus
444 3198 738 3257 Venerem
765 3194 866 3255 fibi
894 3196 1205 3273 propitiam

200 3285 477 3363 precibus
511 3303 573 3340 ac
605 3282 758 3341 votis
788 3281 1073 3343 redderet.

291 3387 348 3444 5.
397 3362 660 3450 Eijluit
687 3360 955 3449 promf'ffa
984 3365 1163 3430 Venus
1172 3365 1202 3441 >

200 3460 528 3535 quaenam?
546 3473 733 3531 roges.
776 3455 1028 3529 Nempe,
1057 3472 1204 3530 quae

198 3541 373 3604 sacris
404 3560 467 3601 et
505 3540 659 3600 votis
689 3539 850 3599 fastis
883 3558 914 3597 a
947 3539 1078 3599 Diis
1107 3560 1203 3601 ex-

197 3645 486 3705 petuntur
504 3667 523 3696 ,
563 3626 631 3684 in
670 3646 737 3684 ea
775 3625 928 3703 quafi
960 3624 1204 3685 consen-

195 3715 335 3782 titei
376 3735 445 3774 ea
476 3712 817 3791 promittere
846 3710 970 3786 ipfi,
1010 3714 1202 3770 hono-

195 3821 333 3862 rum
373 3818 695 3865 memoreS,
734 3797 1026 3858 videntur.

172 3902 179 3909 ·
287 3893 346 3949 6.
389 3884 631 3947 Dicetur
645 3881 711 3964 fi
737 3882 833 3965 q.)
875 3883 935 3940 h.
963 3899 1203 3942 narrent

194 3974 334 4037 sanc
360 3994 526 4033 meos
552 3989 773 4028 amores
809 3984 870 4025 et
898 3968 1073 4037 furta,
1111 3969 1203 4028 fe·

195 4080 333 4129 tant
346 4059 590 4129 fabulis,
628 4053 853 4118 inuidia
866 4053 1089 4117 scilicet
1108 4055 1203 4117 sti-

1208 2262 1215 2267 ’
1274 2252 1546 2327 puellam.
1590 2254 1852 2327 Propett.
1882 2255 1982 2319 111,
2009 2256 2065 2320 6,
2090 2273 2184 2312 22.
2218 2284 2224 2292 ·

1356 2333 1459 2398 Me
1492 2330 1696 2397 doceat
1725 2332 1892 2411 liuor,
1936 2354 2152 2397 mecum
2167 2333 2277 2399 ba·

1694 2416 1856 2505 bug'ffe
1896 2439 2101 2483 meam.

1367 2527 1425 2583 7.
1446 2519 1505 2576 8.
1548 2502 1680 2568 Non
1717 2524 1815 2591 ego
1847 2540 1930 2557 -—
1961 2507 2050 2566 Ne
2081 2504 2277 2592 lqat)

1277 2592 1430 2655 Tam
1458 2595 1637 2671 longe
1667 2596 1727 2655 se
1758 2595 1827 2652 ab
1865 2595 2028 2653 omni
2058 2596 2277 2655 cautio-

1277 2699 1394 2747 ne,
1437 2699 1516 2737 ne
1556 2678 1887 2759 diuulgetut
1916 2701 2076 2741 amor
2116 2682 2274 2751 suus,

1275 2767 1459 2825 abesse
1491 2764 1770 2844 fignificat
1808 2769 2033 2841 puella,
2091 2785 2159 2826 vt
2191 2787 2274 2826 ne

1273 2849 1504 2931 {ignatis
1541 2853 1778 2930 quidem
1822 2853 2048 2912 tabellis
2091 2853 2275 2913 animi

1271 2937 1430 2998 sensa
1462 2955 1523 2998 et
1561 2940 1765 3016 gaudia
1802 2939 2101 3009 includat,
2144 2940 2275 3016 qui-

1272 3025 1380 3082 bus
1425 3024 1571 3083 effici
1623 3041 1882 3099 poterat,
1928 3042 1997 3083 vt
2044 3042 2272 3109 praeter

1272 3126 1563 3167 amantem
1594 3130 1771 3167 nemo
1806 3110 1949 3168 alius
1982 3128 2047 3166 ea
2074 3112 2272 3186 legere
2347 3111 2353 3117 ’

1271 3195 1485 3269 poss'et:
1518 3197 1704 3254 Immo
1716 3215 1858 3253 vero
1875 3213 2001 3254 eam
2017 3195 2284 3269 peccaffe‘

1270 3297 1452 3340 iuuat.
2111 3326 2118 3331 ,

1361 3377 1419 3432 8.
1481 3360 1573 3426 Ne
1607 3357 1765 3446 legat
1808 3357 1883 3423 id
1920 3366 2118 3444 nemo)
2187 3385 2271 3425 ne

1274 3452 1403 3529 quis
1438 3451 1804 3524 intercipiat,
1869 3468 2092 3526 captet,
2136 3472 2271 3527 pro-

1272 3559 1311 3615 p
1342 3558 1470 3597 erea
1501 3537 1719 3615 {ignare
1753 3538 1990 3597 tabellas
2022 3557 2150 3597 non
2179 3538 2271 3597 su·

1268 3624 1336 3685 sti
1384 3625 1515 3682 ebo.
1556 3626 1815 3697 Propert.
1844 3624 1948 3690 111,
1970 3627 2153 3691 6‚·26.

1401 3750 1410 3760 ·
1438 3703 1556 3768 Aut
1569 3721 1675 3768 tua
1690 3726 1818 3767 cum
1830 3704 2274 3791 dagitisfiripta

1662 3792 1896 3876 filmda
1929 3808 2112 3854 notas.

1355 3904 1418 3959 9.
1457 3876 1646 3942 velem
1687 3896 1999 3962 componere
2011 3877 2268 3958 βακε)

1268 3970 1529 4032 Datim
1545 3969 1644 4035 cui
1661 4008 1682 4039 o
1721 3969 1790 4031 in
1818 3967 1978 4028 euius
2003 3966 2112 4037 tei
2142 3983 2269 4043 gra-

1269 4072 1431 4115 ΠΨ.
1827 4092 1832 4099 ·

1971 4155 2062 4194 ιο.
2081 4083 2286 4219 (lignei⁴
