2717 4767
448 272 555 365 8⁶

980 277 1342 355 tznix
1445 274 1991 345 t1nvttt

449 457 601 540 Hic
640 454 957 557 placatus
1003 474 1176 555 erat,
1215 456 1338 536 seu
1381 462 1546 558 quis
1575 455 1911 555 libauerat
1957 472 2206 548 Vnam,

558 584 703 662 Seu
746 583 1035 664 dederat
1076 583 1356 663 sanuae
1403 583 1631 686 spicea
1680 581 1858 693 serta
1906 603 2184 658 comae.

454 711 712 816 Atque
759 713 1004 814 aliquis
1047 718 1205 794 voti
1252 736 1557 814 compos
1597 711 1737 791 liba
1789 706 1930 811 ipse
1980 703 2274 802 ferebat,

566 839 874 943 Postque
928 863 1178 917 comes
1226 863 1493 941 purum
1539 833 1681 917 filia
1726 861 1944 939 parua
1990 831 2275 914 fanum

459 967 571 1052 At
611 969 819 1046 nobis
858 983 1116 1064 aerata,
1157 969 1404 1073 Lama,
1453 964 1775 1068 depellite
1819 963 1987 1041 tela:

2415 946 2516 1056 ²25}

567 1093 819 1176 Hostla
867 1103 999 1172 erit
1038 1095 1248 1196 plena
1287 1092 1539 1171 rustica
1580 1114 1847 1195 porcus
1881 1092 2088 1168 hara:

464 1224 684 1305 Hanc
724 1247 902 1326 pura
940 1248 1113 1299 cum
1150 1218 1343 1299 veste
1380 1218 1656 1351 sequar,
1698 1234 2092 1321 myrtoque
2130 1174 2430 1295 canistra
2505 1256 2522 1263 ·

573 1351 829 1435 vineta
869 1372 1140 1457 geram,
1177 1363 1425 1458 myrto
1467 1347 1755 1431 vincius
1794 1363 1869 1426 et
1907 1342 2049 1453 ipse
2084 1360 2326 1451 caput.

563 1701 643 1765 ib.
683 1714 924 1783 paupere
951 1697 1139 1778 cultu)
1181 1703 1243 1761 h.
1275 1718 1472 1779 neque

475 1805 616 1845 auro
646 1808 902 1855 ornatus,
948 1810 1140 1867 neque
1172 1809 1237 1869 ex
1258 1788 1474 1862 pretio-

476 1876 532 1934 sa
556 1875 793 1935 materia
822 1875 1052 1934 fastus..
1107 1877 1251 1934 Mox
1268 1870 1332 1932 in
1347 1869 1473 1931 exi-

466 1973 598 2040 gua
644 1954 781 2018 aede
836 1982 960 2018 non
1007 1963 1082 2021 de
1126 1959 1383 2037 aedicula
1425 1957 1470 2019 s·

480 2042 683 2120 ναίιὴιῳ,
727 2048 826 2104 sed
860 2067 986 2123 pro,
1018 2049 1212 2104 dome.

575 2149 673 2204 23.
721 2130 844 2193 voti
870 2136 1122 2213 compos)
1154 2132 1313 2210 quod
1346 2131 1477 2193 vul-

481 2229 577 2289 gO‚
609 2235 676 2274 ex
692 2235 871 2283 vot03
916 2235 1002 2284 vt,
1031 2221 1189 2295 quod
1214 2234 1478 2284 vouerat,

481 2317 643 2358 nunc
690 2304 1059 2403 persolueret3
1126 2318 1337 2382 purum
1367 2298 1479 2382 fa-

481 2400 656 2457 vum,
696 2390 831 2465 quia
862 2391 1093 2464 proprie
1110 2405 1321 2470 purum
1348 2383 1477 2448 mel.

575 2492 608 2529 2
620 2491 669 2541 ς
720 2471 935 2559 Lares)
997 2477 1106 2534 int.
1142 2478 1378 2537 rurales.
1414 2495 1474 2531 v.

489 2578 587 2618 20.
628 2557 820 2641 patrii
872 2562 1180 2630 dicuntur,
1225 2561 1359 2641 quia
1406 2562 1504 2617 ab

486 2643 610 2701 auis
639 2646 778 2705 inde
796 2665 859 2702 ιιι
888 2647 1001 2705 isto
1016 2666 1151 2723 agro
1181 2648 1345 2713 culti,
1389 2662 1481 2703 tu·-

487 2730 694 2788 telares
748 2729 868 2805 agri
915 2732 997 2788 dii
1053 2733 1235 2790 habiti
1296 2747 1482 2789 erant.

487 2815 648 2874 Male
696 2815 904 2873 Sellius
951 2817 1110 2876 Obff.
1151 2817 1305 2890 mise.
1343 2817 1486 2890 Spe-

492 2900 625 2957 cim.
660 2919 709 2958 c.
741 2920 798 2974 7.
835 2916 1038 2959 contra
1055 2900 1195 2960 haec
1215 2902 1483 2975 disputat.

488 2985 779 3045 Discimus
813 3001 1003 3044 autem
1030 3008 1101 3045 ex
1127 2989 1241 3046 hoc
1257 2988 1487 3045 Tibulli

490 3071 661 3131 loco.
724 3070 889 3130 fuiffe
928 3076 1163 3132 Larium
1207 3092 1382 3149 parua
1422 3073 1488 3130 fi-

492 3158 649 3235 gilla,
696 3177 857 3215 nunc
884 3178 954 3217 ex
975 3160 1138 3237 ligno
1153 3159 1317 3226 fasta,
1363 3160 1489 3237 qui-

494 3244 625 3309 bus,
635 3243 928 3302 vindemia
946 3263 1005 3302 et
1017 3247 1185 3304 mess‘e
1197 3246 1365 3312 fasta,
1375 3264 1490 3303 vua

355 3386 365 3401 ,
493 3347 905 3427 apponeretur,
928 3346 1028 3389 aut
1053 3352 1271 3392 corona
1303 3332 1490 3406 spicea

494 3413 896 3487 imponeretur
931 3418 1122 3491 capiti.
1209 3418 1371 3478 Alias
1396 3435 1492 3493 pa-

494 3512 586 3558 ter
611 3490 856 3558 familias
889 3523 1022 3561 cum
1046 3504 1242 3563 liberis
1271 3507 1493 3562 sacrum

496 3584 640 3646 facit
670 3587 804 3645 libis
856 3589 1122 3662 appofitis
1175 3607 1235 3648 et
1280 3591 1491 3656 melle;

488 3673 793 3737 interdum
826 3676 969 3735 adeo
1011 3695 1189 3750 porco
1233 3678 1494 3742 mastato,

497 3759 654 3819 haud
702 3760 912 3827 dubie,
964 3760 1019 3818 fi
1050 3762 1370 3823 sollennius
1414 3761 1494 3819 la-

501 3864 666 3905 crum
695 3845 803 3904 esse
833 3846 1068 3913 debuit3
1110 3864 1236 3905 tum
1257 3848 1377 3923 ipse
1395 3866 1494 3922 pa-

500 3947 591 3991 ter
607 3930 852 3990 familias
884 3932 1126 3991 candida
1139 3935 1293 3992 veste
1320 3932 1494 3991 indu-

500 4034 597 4077 tus
640 4032 702 4076 et
735 4035 930 4094 myrto
979 4035 1286 4078 coronatus
1330 4017 1495 4077 ince-

501 4102 627 4171 ὥτε
666 4119 865 4181 myrto
911 4118 1152 4166 ornatae
1180 4106 1358 4168 etiam
1398 4122 1492 4166 ree

1538 1695 1724 1759 sacrae
1740 1737 1760 1766 ,
1800 1715 1869 1756 vt
1909 1696 2161 1756 calathus
2182 1735 2203 1764 ‚
2244 1715 2363 1774 quo
2392 1698 2536 1773 lib»,

1540 1788 1754 1843 molam
1780 1779 1989 1850 salsam,
2013 1783 2237 1849 vinum,
2265 1784 2450 1844 affert.

1630 1875 1726 1933 26.
1770 1861 2006 1951 Hostia)
2046 1869 2323 1929 Similiter
2353 1870 2533 1932 Ouid.

1539 1959 1642 2026 111,
1672 1958 1806 2016 Am.
1850 1974 1943 2031 13,
1984 1957 2074 2013 16.

1712 2038 1794 2102 Et
1821 2039 2007 2100 minor
2031 2058 2102 2098 ex
2129 2033 2339 2099 humili
2369 2035 2539 2102 viai..

1962 2143 2064 2187 ma
2084 2141 2280 2204 porcus
2305 2121 2481 2189 hara.

1542 2215 1676 2279 Lus·
1704 2215 1808 2273 lib.
1838 2217 2026 2274 Carm.
2045 2216 2141 2272 66.
2185 2211 2298 2270 Hic
2319 2207 2438 2271 tibi
2454 2215 2542 2267 -4
2666 2248 2668 2273 ,

1722 2294 1997 2358 Caeditur
2029 2316 2058 2356 e
2073 2291 2333 2376 tepida
2292 2294 2539 2361 ziffinm

1875 2430 1880 2437 .
1954 2400 2157 2465 porcus
2195 2380 2374 2446 hara.

1546 2472 1747 2532 Suauis
1770 2488 1964 2532 autem
1993 2488 2267 2549 tanquam
2281 2471 2351 2531 in
2379 2473 2540 2533 tabu-

1545 2560 1602 2616 la
1646 2557 1837 2634 imago
1880 2558 2018 2617 sacri
2062 2557 2253 2617 rustici
2295 2558 2542 2621 Laribu·

1551 2643 1716 2703 fam·
1705 2687 1718 2699 .
1769 2643 1844 2699 cf.
1865 2642 2105 2704 fimilem
2120 2645 2316 2702 locum
2343 2646 2547 2705 Petro-

1551 2729 1640 2786 nii
1670 2749 1719 2786 c.
1761 2747 1822 2803 13
1839 2720 1892 2801 3.
1948 2746 2009 2786 et
2021 2730 2272 2791 Anthol.
2286 2733 2411 2788 Lat.
2438 2732 2544 2794 lib.

1552 2817 1598 2871 1.
1632 2816 1736 2887 Ep.
1772 2829 1865 2885 51.
1906 2816 2060 2872 Vide
2093 2815 2376 2874 eiusmodi
2403 2817 2548 2880 sacri

1555 2916 1885 2977 apparatum
1915 2901 1980 2958 in
2011 2900 2247 2961 Pisturis
2265 2905 2545 2964 Hercula-

1555 2985 1719 3044 nens.
1752 2986 1867 3044 ’.Γο
1899 2989 2001 3048 IV.
2041 3004 2083 3048 t.
2124 3005 2220 3063 ι3.
2300 2991 2395 3045 De
2440 2993 2547 3047 La-

1554 3073 1713 3132 ribus
1746 3089 1938 3135 autem
1971 3092 2285 3153 eorumque
2315 3075 2551 3155 ⁴religio--

1557 3178 1636 3216 ne
1664 3160 1843 3217 multa
1874 3160 2059 3217 adhuc
2103 3160 2414 3218 admodum
2449 3162 2552 3219 ob?-

1553 3245 1714 3303 scura
1743 3244 1893 3310 sunt,
1924 3244 2130 3319 partim
2148 3264 2387 3319 propter
2401 3249 2552 3308 sum·

1558 3349 1711 3391 mam
1743 3330 2156 3405 superstitionis
2188 3332 2550 3402 varietatem,

1560 3416 1768 3491 partim
1796 3432 2032 3493 propter
2064 3417 2324 3476 virorum
2353 3420 2554 3477 dofle-

1558 3522 1690 3560 rum
1718 3520 1956 3575 prauum
1989 3522 2240 3571 morem,
2283 3520 2554 3582 argutan-

1562 3588 1618 3645 di
1656 3604 1717 3645 et
1742 3585 2021 3646 ariolandi
2050 3607 2154 3662 pro
2185 3590 2286 3649 suo
2303 3593 2553 3667 ingenio

1563 3689 1663 3730 aut
1695 3673 1976 3740 saeculo„
1994 3676 2096 3732 vbi
2126 3695 2218 3733 res
2243 3676 2345 3734 seu
2365 3697 2436 3735 ex
2457 3698 2556 3737 au-

1563 3759 1822 3817 storitate
1853 3759 1952 3818 seu
1984 3780 2054 3819 ex
2087 3762 2351 3838 analogia
2391 3781 2554 3822 vete-

1558 3843 1637 3902 ris
1656 3847 1830 3905 moris
1843 3847 2188 3921 exponenda
2208 3867 2346 3907 etat.
2390 3852 2557 3911 Haec

1558 3933 1815 3990 tenenda
1843 3932 2108 4006 inprimis
2139 3934 2212 3992 iis
2233 3972 2251 4001 ,
2292 3935 2397 4013 qui
2431 3938 2557 3994 Go-

1557 4017 1711 4076 rium
1740 4038 1799 4077 v.
1821 4039 1871 4077 c.
1888 4018 2178 4093 Inscriptt.
2199 4022 2417 4083 Etrusc.
2436 4025 2554 4085 To.

1556 4102 1632 4163 11.
1661 4126 1723 4183 p.
1760 4124 1896 4181 ¹29·
1933 4105 2199 4167 Parem«
2209 4109 2555 4187 Paralipom.

2419 1469 2623 1554 8101
