2717 4767
551 275 1077 348 con1c'13vs-
1124 289 1230 348 ΕΤ
1283 283 1939 356 Emnomnvs.
2139 297 2334 359 κνη-

242 473 412 544 Cum
462 491 547 541 ue
574 451 909 565 Scaligero
947 461 1156 539 sensus
1181 462 1550 538 Tibulliani
1592 446 1886 541 candoris
1914 459 1988 542 ac
2001 465 2323 570 {implici-

243 579 381 647 tatis
456 569 684 656 eelset,
728 568 1065 648 doetrinae
1105 581 1331 643 contra
1360 567 1698 671 exquisitae
1726 578 1949 672 copiae
1969 569 2322 663 maximae,

240 677 446 753 multa
474 677 595 749 ille
621 682 896 754 mutauit
924 694 1032 748 aut
1074 673 1334 747 refinxit
1371 672 1564 750 doffte
1590 674 1875 776 quidem,
1924 685 2063 782 quis
2090 688 2324 782 neget?

237 779 571 855 interdum
604 786 801 852 etiam
827 775 1181 879 ingeniose,
1220 775 1329 851 sed
1363 807 1402 851 a
1427 779 1686 854 Tibulli
1703 789 1926 882 -genio
1949 784 2325 859 abhorrenti

237 913 426 959 more
467 877 843 985 modoque.‘
932 887 1108 956 Cum
1136 902 1356 956 tamen
1384 884 1816 961 Bronkhufius
1841 916 1996 962 eum
2025 886 2325 991 religiose

239 988 554 1092 sequatur,
597 988 1000 1088 Scaligerana
1025 985 1327 1073 recentia,
1379 985 1560 1089 quod
1581 990 1837 1066 nonem
1865 989 2117 1069 saelum
2131 1049 2154 1082 ‚
2200 1019 2329 1097 pro

236 1090 765 1196 praestantiffima
805 1118 1143 1192 perperam
1169 1092 1387 1166 haberi
1431 1099 1662 1193 coepit.
2309 1103 2324 1118 “

388 1198 685 1297 Scaliger
720 1216 843 1269 tres
883 1196 1083 1288 libros
1124 1198 1381 1271 habuit:
1427 1224 1707 1300 quorum
1748 1207 1932 1275 vnius
1979 1207 2168 1301 copia
2207 1195 2331 1303 ipfi

238 1300 414 1379 faela
440 1323 576 1375 erat
605 1329 644 1374 a
670 1307 793 1375 Iac.·
822 1304 1113 1387 Cuiaci0‚
1151 1303 1467 1404 ICtorum
1501 1308 1816 1404 principe,
1859 1313 2125 1379 recentis
2156 1307 2329 1382 illius⁸

236 1423 300 1482 et
326 1407 735 1510 paulloante
758 1410 1301 1506 typographicam
1328 1427 1533 1482 artem
1552 1414 1886 1484 inuentam
1917 1407 2158 1510 scripti,
2196 1439 2331 1514 quo

236 1519 461 1587 tamen
504 1509 864 1586 meliorem
907 1508 1108 1583 hodie
1151 1523 1384 1583 extare'
1415 1525 1554 1585 non
1606 1515 1891 1612 putabat,
1984 1512 2169 1590 Idem
2227 1544 2333 1592 ex-

239 1638 454 1718 cerpta
478 1614 858 1717 peruetusta,
897 1619 970 1688 in
988 1615 1549 1690 Chrestomathiae
1573 1617 1882 1692 Albianae
1906 1615 2185 1720 speciem
2215 1641 2333 1723 pot·

246 1720 516 1795 tissimos
558 1720 746 1793 locos
787 1717 1163 1819 complexa,
1222 1715 1535 1819 possedit,
1598 1722 1820 1824 quibus
1859 1725 2223 1823 plurimum
2267 1723 2334 1800 se

245 1823 539 1899 adiutum
565 1819 730 1910 effe,
770 1824 1039 1897 testatur.
1142 1827 1249 1897 De
1286 1830 1401 1909 iis,
1454 1853 1615 1927 quae
1646 1834 2129 1917 monuerimus',
2180 1829 2332 1907 vide'

241 1926 325 2004 ad
351 1934 436 2014 Π,
472 1930 541 2014 6,
570 1954 669 2024 19.
768 1923 896 2000 Sed
921 1932 981 1999 ei
1010 1923 1457 2028 fragmentum
1498 1957 1755 2032 quoque
1785 1941 2234 2033 peroptimum
2267 1955 2332 2010 et
2397 1939 2402 1946 ’

245 2039 443 2137 quam
473 2027 1090 2116 emendatissimum,
1123 2060 1159 2103 a
1190 2053 1409 2133 quarta
1431 2032 1580 2107 libri
1611 2040 1771 2108 tertii
1793 2036 1997 2137 elegia
2027 2038 2106 2111 ad
2123 2039 2332 2114 finem

242 2165 466 2240 vesque,
491 2130 995 2211 commodatum
1032 2157 1162 2207 erat
1188 2138 1268 2209 ab
1303 2133 1540 2209 eodem
1566 2165 1818 2238 magno
1845 2145 2151 2229 Cuiac'io.‚
2199 2163 2333 2250 quo

242 2239 648 2332 emendatius
677 2238 885 2312 vllum
925 2245 1261 2340 antiquum
1308 2240 1644 2341 exemplar
1680 2241 1896 2342 legere
1925 2267 2066 2319 non·
2093 2253 2336 2330 menn-³

240 2347 442 2422 nerat.‘
544 2345 735 2418 Liber
765 2349 819 2416 is
846 2338 983 2416 fere
1010 2343 1367 2418 leetionem
1401 2372 1624 2421 veram
1668 2368 1728 2418 et
1769 2355 2122 2446 genuinam
2156 2331 2336 2426 exhi-²·
2391 2403 2396 2409 -

241 2455 393 2540 δεῖς
432 2445 545 2523 sed
577 2444 907 2521 interdum
947 2447 1139 2548 plane
1182 2475 1219 2521 a
1244 2448 1648 2549 reliquorum
1691 2457 2002 2524 omnium
2047 2454 2331 2541 leitione

246 2550 559 2643 discedit3
605 2573 671 2626 vt
711 2573 934 2625 tamen
977 2579 1097 2624 nec
1130 2548 1390 2652 semper
1429 2579 1658 2625 eorum
1699 2550 1906 2625 fidem
1951 2556 2203 2646 eleuare
2231 2559 2335 2634 {vi-

244 2657 498 2733 deatur.
542 2725 557 2735 ,
599 2655 766 2730 Vide
804 2653 886 2730 ad
917 2662 1032 2742 IV,
1065 2678 1269 2747 1‚175.
1300 2681 1457 2730 200.
1501 2682 1556 2749 ς,
1586 2682 1678 2729 10.
1709 2657 1775 2741 6,
1807 2667 1894 2731 16.
2237 2662 2256 2670 ⁶

412 2756 781 2837 Pa'fferatius
820 2766 894 2834 in
919 2760 1236 2861 pauculis,
1278 2788 1433 2863 quas
1465 2767 1536 2837 in
1565 2761 1924 2835 Tibullum
1939 2760 2333 2866 conscripsit,-

243 2874 419 2943 notis
450 2864 637 2966 saepe
672 2891 715 2937 e
747 2886 958 2940 vetere
998 2865 1171 2939 libro
1208 2864 1517 2960 lefflones
1560 2889 1922 2958 memorat:
2030 2897 2182 2941 uem
2229 2887 2337 2971 pet

245 2974 561 3046 culia'rem
606 2967 798 3070 ipfius
812 2981 827 3016 ’-
848 2966 1059 3043 fuisse·
1079 2974 1273 3059 etiam
1321 2970 1723 3043 Bro'ukhufio
1764 2896 2130 3071 persuallum
2187 2973 2331 3050 fuit.

244 3082 393 3173 Ego
429 3093 659 3148 tamen
689 3071 987 3156 nondum
1033 3072 1251 3147 induci
1280 3070 1587 3174 possum,
1634 3094 1703 3158 ‚vt
1745 3103 1902 3166 eum
1941 3076 2111 3152 libro
2142 3076 2333 3154 vsum

255 3178 377 3254 effe
416 3177 722 3252 credam:
793 3175 901 3251 sed
937 3184 1146 3278 potius
1181 3175 1263 3250 de
1297 3180 1681 3252 variantibus
1711 3184 1887 3253 Statii
1917 3203 2040 3254 aut
2081 3182 2336 3258 alteriue

245 3282 659 3387 superiorum
682 3287 1101 3384 interpretum
1128 3282 1447 3382 intelligo,
1492 3280 1748 3385 quando
1777 3305 2052 3359 veterem
2086 3285 2332 3363 librum

241 3387 479 3463 laudat.
590 3392 812 3473 Certe,
884 3409 1201 3488 quotquot
1241 3391 1476 3460 harum
1525 3393 1884 3461 variantum
1933 3399 2334 3492 comparaui‚

246 3521 408 3567 cum
436 3519 574 3566 vno
604 3491 883 3564 alteroue
912 3497 1092 3566 Statii
1115 3493 1286 3566 libro
1313 3497 1667 3566 conuenire
1690 3491 1862 3568 vidi:
1916 3493 2037 3567 nisi
2072 3494 2247 3599 quod
2276 3503 2331 3583 1,

245 3621 317 3685 2,
340 3622 454 3693 79.
493 3623 575 3670 ex
600 3596 773 3669 libro
801 3594 1023 3672 affert:
1111 3659 1116 3664 .
2199 3603 2206 3612 ‘

462 3702 656 3774 Num
691 3702 778 3775 V
769 3708 980 3774 oneris
1010 3726 1254 3799 magno
1275 3700 1528 3773 violant
1562 3702 1842 3773 numina
1865 3701 2078 3787 verbo,

242 3803 431 3909 quod
446 3804 684 3879 anullo
699 3806 831 3878 alio
845 3826 1285 3878 memoratum
1301 3802 1466 3893 vidi3
1482 3821 1548 3878 vt
1560 3832 1619 3877 et
1634 3812 1683 3890 Ι,
1698 3829 1752 3893 3,
1764 3829 1824 3877 2.
1839 3820 2033 3901 tuque
2043 3830 2166 3905 pro
2177 3802 2332 3898 ipse.¹

402 3916 624 3985 Etiam
666 3916 851 3983 Ianus
877 3907 1096 3983 Dousa
1131 3908 1298 3983 filius
1325 3907 1509 4000 ,libro
1545 3931 1753 3981 vetere
1782 3905 1904 3981 suo.
1926 3907 1992 3980 se
2015 3915 2102 3981 vti
2133 3908 2332 4006 profi-

238 4033 413 4088 tetur
446 4021 518 4088 in
550 4020 726 4087 notis
737 4045 771 4087 :·
800 4009 910 4088 sed
944 4040 1063 4086 nec
1102 4011 1257 4086 inde
1297 4037 1419 4085 nec
1459 4020 1742 4086 omnino
1771 4008 1855 4085 de
1896 4009 2014 4087 suo
2042 4009 2329 4091 multum

242 4116 329 4192 ad
360 4119 726 4198 Tibullum
750 4115 1116 4194 ornandum
1147 4123 1219 4196 in
1244 4114 1544 4196 medium
1571 4118 1798 4204 attulit,
2348 4175 2362 4190 ,

294 4269 299 4273 -
462 4293 471 4302 ,
1359 4222 1406 4293 b
2149 4222 2335 4293 Ianus
