2717 4767
723 305 997 360 ·1.113R.
1048 306 1103 360 1.
1206 306 1490 368 ELE‘G.
1544 285 1700 362 11'1.
2145 311 2247 395 27

349 485 460 554 95.
507 468 691 537 turba
719 473 1086 537 circumterit
1116 470 1336 557 orffa]
1383 473 1621 540 distum
1648 484 1721 540 vt
1735 495 2028 559 premere,
2061 498 2250 564 vrgo·

174 578 257 623 re.
306 570 381 622 et
410 560 503 621 ita
534 557 692 641 Reg.
724 579 868 621 cum
897 558 1297 626 melioribus:
1356 561 1484 637 alii,
1517 560 1721 644 ficque
1765 564 2005 628 editum
2035 569 2103 629 in
2137 570 2247 631 Al·
2330 575 2337 596 ‘

176 648 320 707 dina
351 655 619 726 Vtraque
654 653 721 707 et
750 645 862 720 ile,
916 665 1074 728 quae
1106 645 1251 707 inde
1278 645 1563 723 fluxere,
1607 648 2021 734 circumstetit,
2073 655 2245 734 quod

178 730 353 792 istius
401 728 492 791 est
536 727 856 810 gloffema.
937 730 1220 811 Scaliger
1261 731 1410 794 inde
1446 731 1744 808 faciebat,
1798 734 2248 820 circumstrepit.

177 813 366 882 Vnus
409 814 599 878 Palae.
624 836 770 879 cnm
791 816 953 880 binis
981 814 1259 878 Broukh.
1294 817 1702 882 civ-cumcun.
2132 843 2136 854 ’

351 947 460 1013 97.
503 929 757 1013 dedita]
804 931 1282 1016 Apudssroukh.
1312 935 1598 1002 nonnulli
1631 932 1969 1019 debita.‚cfi
1984 934 2249 1006 Statius·
2324 979 2335 998 ·

87 1025 93 1082 .²
178 1014 353 1082 Tum
381 1018 551 1083 Scal.
581 1030 649 1083 et
676 1018 955 1083 Broukh.
986 1020 1236 1083 edidere
1247 1016 1495 1116 seruiit.
1589 1094 1597 1100 ,

842 1241 1303 1338 ELEGJA
1395 1248 1575 1320 III.

347 1421 441 1486 Μ.
484 1417 779 1491 Valerius
821 1421 1071 1486 Messala
1124 1420 1440 1487 Coruinus
1498 1444 1662 1487 anno
1709 1444 1924 1508 pugna
1983 1425 2246 1493 Afflaca

179 1509 478 1586 notabili,
518 1511 591 1573 ab
619 1510 698 1577 V.
727 1509 794 1574 C.
828 1508 1011 1577 Varr.
1049 1524 1197 1591 723.
1227 1530 1370 1573 cum
1408 1508 1758 1574 Oetauiano
1786 1511 2041 1575 Caesare
2078 1512 2245 1576 Con-

178 1593 262 1656 sul
295 1594 468 1671 fuit,
509 1615 777 1678 eumque
815 1598 1043 1659 eodem
1081 1615 1246 1658 anno
1276 1598 1340 1658 in
1371 1592 1734 1672 Graeciam,
1778 1598 2081 1662 aduersus·
2111 1599 2246 1664 Ani-

179 1682 449 1756 tonium‚
492 1680 846 1763 profeuum
875 1682 1190 1765 sequutus,
1232 1695 1298 1743 et
1320 1677 1488 1746 classi
1513 1680 1865 1765 praefestus
1891 1684 1995 1747 est.
2080 1683 2246 1749 Cum

178 1768 396 1827 'autem
425 1763 775 1831 Ostauiano
805 1769 970 1831 circa
999 1766 1255 1832 Aelium
1284 1767 1569 1831 haerenti
1608 1765 1938 1832 Gallorum
1963 1769 2300 1858 defefflod
2356 1803 2363 1816 ι

177 1843 470 1915 nuntiata
518 1851 700 1929 esset,
747 1853 812 1915 in
851 1852 1117 1918 Galliam
1156 1851 1534 1917 Proconsule
1568 1851 1795 1918 miffus
1837 1854 1923 1919 est
1962 1853 2242 1932 Mei'sala3

177 1947 247 1999 vt
290 1937 521 2000 diserte
568 1939 756 2001 tradit
805 1940 1068 2022 Appian.
1111 1936 1245 2003 Ciu.
1271 1937 1388 2012 IV,
1423 1946 1644 2022 p·984.
1731 1939 1953 2024 Neque
1987 1944 2141 2005 adeo
2178 1943 2243 2006 ei

180 2020 387 2086 Gallia
412 2045 495 2085 ex
526 2045 705 2087 more
727 2027 1058 2108 prouincia
1091 2026 1342 2087 decreta
1374 2025 1529 2096 fuit,
1575 2045 1778 2108 neque
1809 2048 1890 2089 ex
1926 2028 2241 2110 magistra·

177 2116 283 2183 tu,
329 2109 637 2191 sequente
678 2130 879 2188 anno,
920 2112 987 2174 in
1029 2131 1166 2172 eam
1211 2110 1392 2185 abiit,
1439 2119 1510 2174 vt
1534 2110 1944 2193 Ayrmannus
1980 2114 2240 2196 putabat

178 2194 245 2257 in
273 2194 429 2278 Vita
464 2194 605 2260 Tib.
646 2195 841 2279 §.39
930 2195 1062 2259 Iam
1113 2215 1195 2258 ex
1237 2195 1463 2270 nostri,
1506 2206 1643 2259 tum
1678 2195 1829 2273 hac,
1870 2207 2009 2261 tum
2047 2198 2238 2282 Eleg.

180 2276 320 2344 VII.
355 2289 423 2343 et
454 2302 537 2344 ex
565 2282 772 2344 Dione
800 2302 860 2363 p.
890 2279 1037 2360 638.
1070 2281 1114 2343 1.
1144 2279 1248 2346 66.
1281 2283 1378 2343 ed.
1402 2273 1667 2345 Reimar.
1703 2293 1975 2365 apparet,
2023 2281 2240 2346 Messa-

175 2364 301 2428 lam
331 2366 400 2430 in
432 2365 610 2442 Afia,
652 2366 839 2451 Syria
868 2378 932 2432 et
955 2370 1278 2452 'Aegypto
1311 2363 1529 2441 -fuiffe3
1578 2367 1683 2432 sed
1721 2386 1848 2451 quo
1887 2373 2175 2452 tempor'e
2196 2369 2239 2435 *ἓ

174 2451 240 2513 id
271 2453 615 2534 quaeritur.
688 2452 863 2524 -Istud
905 2453 1174 2528 constat,
1219 2471 1367 2516 eum
1405 2450 1543 2535 post
1580 2471 1810 2515 annum
1855 2469 2000 2535 724.
2042 2455 2240 2534 (nam

174 2534 300 2599 Dio
333 2536 375 2599 1.
401 2538 446 2602 l.
478 2558 641 2601 voce
682 2542 880 2617 ὕςεςον,
923 2560 986 2603 n.
1025 2538 1163 2623 post
1204 2538 1349 2601 anni
1391 2552 1536 2620 724.
1569 2534 1737 2614 aeta,
1787 2558 1926 2601 eam
1959 2559 2241 2602 comme·

173 2624 600 2692 morationem
626 2625 914 2706 orditur)
956 2634 1023 2687 et
1052 2633 1197 2688 ante
1215 2639 1360 2705 727.
1393 2642 1519 2706 quo
1541 2622 1923 2705 triumphum
1950 2645 2031 2687 ex
2047 2626 2242 2708 Aqui·
2282 2701 2286 2708 ι

171 2711 348 2774 tania
393 2711 563 2793 egit,
623 2709 690 2772 in
737 2709 866 2773 istis
913 2712 1100 2774 terris
1153 2717 1616 2774 commoratum
1662 2707 1810 2773 effe.
1911 2709 2240 2775 Probabile
2366 2715 2373 2724 '

171 2797 388 2878 itaque
412 2795 534 2871 est,
576 2813 755 2871 eum,
798 2791 1004 2859 Gallia
1041 2806 1261 2881 pacata
1285 2806 1351 2859 et
1384 2795 1725 2879 Aquitania
1751 2796 1815 2858 in
1845 2797 2250 2878 prouinciam

172 2880 462 2958 redasta‚
510 2882 680 2965 quod
719 2892 864 2946 ante
902 2902 1133 2945 annum
1155 2897 1302 2964 725.
1338 2902 1468 2965 quo
1506 2880 1690 2945 Ianus
1717 2880 1957 2946 clausus
1985 2880 2105 2959 est,
2130 2883 2240 2960 dfa-

175 2964 351 3044 ‹Stum
377 2964 502 3029 effe
533 2967 754 3041 debet,
799 2988 835 3030 a
858 2965 1114 3033 Caesare
1143 2966 1267 3030 esse
1292 2976 1647 3031 euocatum.
1682 3005 1687 3014 ·
1733 2967 1798 3030 Is
1828 2975 2041 3030 autem
2068 2988 2238 3032 anno

174 3053 376 3115 altero
409 3052 546 3134 post
585 3072 860 3135 pugnam
883 3051 1237 3129 Aetiacam,
1286 3052 1366 3120 V.
1390 3051 1460 3116 C.
1494 3069 1639 3134 724.
1665 3049 1901 3116 bellum
1927 3049 1993 3115 in
2016 3052 2240 3139 Aegy.

172 3149 289 3223 pto
320 3151 546 3202 contra
572 3138 928 3201 Antonium
953 3148 1023 3203 et
1052 3138 1454 3220 Cleopatram
1481 3135 1785 3219 gefferat3
1839 3138 1987 3201 inde
2014 3140 2238 3218 redux,

168 3224 382 3288 hieme
409 3226 474 3286 in
501 3221 644 3286 Afia
671 3223 999 3299 transaffl,
1046 3224 1209 3289 circa
1233 3223 1527 3286 aestatem
1551 3223 1697 3285 anni
1730 3238 1875 3305 725.
1902 3224 1967 3285 in
1991 3221 2239 3288 Italiam

168 3310 384 3373 rediit.
470 3309 701 3377 Vtrum
745 3330 900 3375 vero
932 3308 1250 3372 Caesarem
1289 3309 1365 3371 in·
1398 3307 1776 3390 Aegyptum
1821 3307 2119 3390 sequutus
2158 3305 2238 3384 fit

166 3392 460 3470 Messala,
502 3407 572 3458 vt
603 3394 807 3459 Notis.
845 3392 1195 3478 Cenotaph.
1239 3391 1351 3456 Pis.
1385 3389 1620 3468 Dima.
1660 3412 1715 3454 c.
1750 3390 1843 3458 16.
1884 3394 1951 3474 §-
1985 3411 2247 3473 Jeconq

166 3483 400 3556 tendit,
444 3491 511 3545 et
535 3480 928 3545 Broukhufio
955 3480 1311 3544 luculenter
1347 3471 1782 3542 demonstraffe
1813 3488 2087 3562 putatur,
2130 3479 2238 3546 cui

170 3588 208 3633 a
230 3565 494 3634 Tibullo
543 3575 1039 3633 commemorata
1080 3564 1335 3639 Cilicia,
1381 3562 1604 3647 Syria,
1647 3561 1868 3648 Tyrus
1914 3575 1982 3627 et
2012 3565 2238 3649 Aegy-

169 3663 319 3738 ptus
358 3651 578 3716 fauere
610 3652 888 3729 videtur,
945 3671 1099 3736 quas
1139 3648 1479 3726 oremus,
1542 3669 1620 3711 ex
1647 3648 1960 3733 Aegypto
2008 3651 2235 3728 redux,

166 3739 396 3805 itinere
434 3735 865 3820 perlustrauit,
911 3759 986 3801 an
1029 3738 1380 3800 decedente
1418 3756 1497 3797 eo
1527 3727 1603 3798 ad
1643 3754 1746 3800 res
1790 3733 1972 3798 Asiae
2012 3735 2237 3799 consti-

167 3825 436 3887 tuendas
473 3821 732 3886 relietus
771 3820 873 3898 fit,
931 3824 1101 3905 quod
1139 3821 1514 3906 Ayrmanno
1551 3819 1594 3882 l.
1639 3821 1682 3884 1.
1722 3821 1966 3905 placet,
2028 3821 2235 3883 donee

166 3929 336 3975 anno
386 3925 537 3992 727.
571 3907 833 3973 Romam
861 3919 1302 3979 reuocaretur,
1345 3918 1413 3970 et
1448 3906 1830 3989 triumphum
1862 3907 1941 3968 de
1975 3906 2237 3987 Aquita·

164 3997 263 4061 nis
292 3995 598 4071 haberet,
642 3991 711 4057 in
733 4002 1019 4058 neutram
1046 4004 1291 4076 partem
1316 4009 1434 4078 pro
1460 4003 1637 4054 certo
1672 3990 1964 4055 affirmari
1992 3985 2238 4074 potesta

135 4100 523 4177 ‘quanquam
577 4078 887 4166 posterior
928 4077 1239 4155 sententia
1282 4074 1701 4142 verosimilior
1736 4073 1844 4142 est·
1927 4073 2034 4147 lta,
2063 4074 2237 4224 enbm

2012 4176 2133 4247 pro
2175 4178 2239 4236 a,
